2743 3436
1361 179 1407 215 11

299 285 476 328 secundo
504 284 689 336 graviter
716 284 768 324 ab
797 295 845 325 eo
873 283 1126 326 vulneratus
1155 306 1203 312 —
1225 282 1352 324 VIII.
1380 285 1447 323 48.
1478 285 1516 325 8.
1547 282 1797 324 obsidibus
1826 282 1973 338 datis]
2003 283 2222 325 obsidibus.
2255 307 2309 313 —
2329 283 2455 325 VIH.

301 356 365 395 50.
394 354 433 393 4.
473 350 825 392 commendaret
863 346 1116 403 petitione]
1145 348 1465 390 commendaret.
1491 370 1545 377 —-
1580 348 1674 390 ibid.
1709 349 1973 401 legationis
2001 354 2145 392 esset.
2194 348 2461 405 Exceptus]

298 417 341 458 in
374 416 462 458 cod.
493 416 561 458 BR
590 416 749 464 lacuna,
779 415 830 456 de
858 426 939 466 qua
966 414 1075 455 infra
1103 415 1232 456 verba
1259 414 1420 467 faciam,
1450 417 1598 455 exstat.
1628 438 1681 443 —
1700 414 1823 457 VHI.
1846 419 1908 458 52.
1931 419 1968 457 2.
1999 420 2185 456 tantum
2227 416 2460 458 itinerum

299 481 537 536 faciebat]
572 485 731 522 tantum
764 482 911 522 itinere
938 481 1078 521 fatiae.
1109 504 1163 508 —
1189 480 1287 520 ibid.
1326 481 1386 520 ad
1417 480 1742 534 mutationem]
1770 483 2033 522 mutationem
2060 484 2091 524 Β
2119 483 2383 523 munitionem
2412 484 2456 525 R.

298 572 352 578 —
389 547 515 589 VIII.
551 551 615 589 53.
658 552 692 588 1.
731 545 896 600 transit]
939 546 1150 587 transiit
1187 569 1241 575 —
1269 545 1395 588 VIII.
1435 549 1500 587 54.
1539 550 1576 587 3.
1610 546 1832 597 Pompeio
1866 546 1958 599 (Cn.
1988 547 2181 598 Pompeio
2228 548 2455 603 interpol.)]

298 613 477 664 Pompei.
508 636 559 642 ---
581 612 705 654 VIII.
728 615 791 654 54.
812 616 850 653 4.
880 611 927 653 C.
958 609 1260 665 Trebonium]
1290 610 1547 652 Trebonium.
1576 634 1630 639 —
1658 612 1751 653 Huc
1788 613 1903 661 adde,
1942 613 2049 664 quod
2077 614 2253 665 majores
2281 615 2455 657 lacunae

299 679 399 720 VII.
435 683 498 720 22.
531 682 566 719 5.
596 684 641 719 et
667 677 793 719 VIII.
824 682 888 719 52.
917 682 956 719 4.
985 678 1028 718 in
1056 678 1144 718 cod.
1173 677 1253 724 BR,
1281 688 1362 718 non
1388 678 1432 718 in
1458 677 1717 727 interpolatis
1745 682 1788 718 et
1814 679 1900 719 cod.
1930 679 2004 720 Au
2033 680 2309 722 inveniuntur.

434 735 438 740 ’
494 744 575 785 Η18
593 743 705 792 16618,
736 756 856 794 quam
876 734 1183 784 accuratissime
1206 746 1361 793 potero,
1391 743 1504 795 eos*)
1523 742 1682 790 addam,
1712 743 1780 783 ubi
1808 743 1892 785 cod.
1913 744 2151 795 interpolati
2179 756 2270 786 cum
2299 746 2455 788 familia

297 811 562 861 integrorum,
592 811 657 851 cui
686 811 772 851 cod.
804 810 872 852 BR
901 809 1174 857 ascribuntur,
1204 809 1467 849 conveniunt:
1497 810 1531 850 I.
1557 813 1590 849 1.
1613 813 1648 849 2.
1670 807 1880 863 Garunna]
1910 809 2166 851 Garumna.
2197 835 2250 839 —
2281 813 2314 853 I.
2347 816 2383 854 9.
2414 818 2456 855 4.

298 875 424 931 sese]
454 888 509 918 se.
547 899 602 905 —
638 876 734 917 ibid.
763 873 953 929 perfecit]
982 874 1193 925 perficit.
1233 898 1287 903 —
1324 876 1360 915 I.
1393 877 1455 915 14.
1489 879 1523 915 1.
1554 872 1786 928 accidisset]
1814 875 2120 917 accidissent.
2162 900 2214 905 —
2252 878 2286 918 Ι.
2321 883 2383 919 14.
2414 883 2451 919 3.

297 940 454 995 posse]
488 946 638 992 posset.
682 964 734 970 —
776 942 812 982 Ι.
860 945 922 982 19.
967 945 1003 982 2.
1045 938 1253 994 populum]
1295 941 1520 991 populum
1562 951 1811 981 romanum.
1854 964 1907 969 —
1948 942 1982 981 Ι.
2028 946 2092 983 21.
2136 945 2175 983 4.
2220 942 2452 998 Considius]

296 1007 343 1048 P.
365 1006 634 1048 Considius.
662 1030 712 1035 -
739 1008 774 1047 I.
797 1011 860 1048 22.
882 1012 918 1048 2.
949 1019 975 1046 a
1003 1006 1201 1057 gallicis
1229 1004 1391 1060 armis]
1420 1017 1444 1046 e
1472 1004 1634 1056 gallicis
1662 1005 1785 1045 armis
1802 1006 1846 1052 A,
1866 1006 2022 1056 gallicis
2041 1007 2166 1047 armis
2187 1008 2234 1049 U.
2258 1031 2309 1037 —
2330 1010 2364 1050 Ι.
2387 1013 2450 1051 32.

299 1079 334 1114 3.
363 1072 662 1126 permanere]
692 1084 964 1122 permansere.
994 1094 1046 1101 —-
1077 1074 1112 1111 I.
1148 1076 1212 1112 36.
1234 1076 1271 1112 2.
1302 1070 1363 1125 se]
1391 1083 1493 1112 sese.
1525 1095 1576 1100 —
1608 1073 1667 1111 II.
1688 1074 1726 1111 4.
1749 1075 1785 1111 9.
1813 1071 2069 1126 Velocasses]
2095 1073 2377 1115 Veloccasses.
2398 1098 2453 1104 —

295 1139 357 1180 II.
389 1142 452 1181 23.
487 1142 521 1180 1.
551 1137 629 1192 iis]
658 1138 733 1179 his.
766 1160 817 1166 —-
846 1137 905 1178 II.
928 1141 991 1179 27.
1026 1141 1060 1178 1.
1091 1136 1400 1178 commutatio
1435 1140 1511 1178 est
1544 1134 1691 1191 facta]
1713 1136 2033 1178 commutatinem
2053 1137 2167 1179 facta
2186 1138 2241 1192 (H
2257 1151 2347 1180 cum
2364 1140 2451 1181 cod.

297 1204 363 1247 BR
383 1205 526 1257 recte).
549 1227 599 1233 —-
623 1205 672 1245 V.
703 1207 740 1245 5.
770 1207 808 1245 4.
838 1201 1121 1257 perpaucos]
1149 1214 1311 1253 paucos.
1342 1226 1395 1231 —
1425 1205 1476 1243 V.
1499 1207 1535 1244 9.
1560 1207 1594 1244 1.
1625 1201 1781 1257 littore]
1809 1203 1965 1244 litore.
1996 1226 2048 1233 —
2069 1205 2118 1245 V.
2151 1208 2216 1245 33.
2247 1209 2283 1246 6.
2315 1218 2451 1256 quae-

296 1269 401 1324 que]
430 1271 533 1320 quae
552 1271 584 1311 A
604 1281 682 1319 que
703 1270 751 1311 Π.
781 1291 836 1298 -
857 1270 906 1309 V.
929 1273 992 1309 36.
1016 1274 1052 1309 3.
1082 1268 1351 1322 impetrari]
1371 1270 1603 1318 impetrare.
1633 1291 1687 1297 —
1708 1271 1758 1308 V.
1788 1273 1852 1308 41.
1883 1274 1918 1309 5.
1948 1269 2035 1323 his]
2064 1270 2154 1309 hiis.
2177 1293 2227 1299 —-
2253 1272 2303 1311 V.
2327 1276 2389 1312 58.
2411 1277 2450 1313 4.

296 1333 472 1390 videret]
493 1335 690 1376 viderit.
723 1358 760 1363 —
803 1334 881 1376 VI.
913 1338 976 1375 32.
1009 1338 1044 1375 3.
1075 1338 1177 1374 tres
1204 1333 1389 1388 partes]
1418 1334 1496 1374 tris
1524 1334 1668 1384 partis.
1699 1357 1752 1363 ——
1771 1334 1870 1375 VII.
1901 1339 1937 1375 8.
1966 1339 2003 1375 4.
2032 1334 2241 1389 possint]
2270 1342 2450 1386 possent.

296 1401 470 1443 —VIL
504 1404 566 1442 12.
588 1405 633 1442 ’6.
665 1398 939 1453 destrictis]
987 1399 1197 1440 districtis,
1245 1423 1280 1428 —
1323 1399 1424 1441 VH.
1458 1403 1519 1441 19.
1553 1404 1587 1441 1.
1618 1398 1781 1453 leviter]
1810 1400 2066 1452 leniter.**)
2095 1424 2148 1429 ——
2184 1402 2283 1442 VII.
2316 1407 2379 1444 55.
2413 1407 2448 1445 9.

294 1464 495 1520 initiendi]
531 1466 781 1506 iniciendi.
827 1489 877 1494 —-
906 1466 1006 1506 VII.
1038 1468 1102 1506 58.
1133 1469 1169 1505 3.
1201 1463 1403 1519 Sequana]
1433 1464 1696 1515 Sequanae.
1742 1488 1789 1493 —-
1824 1465 1920 1505 VII.
1952 1469 2001 1506 58
2031 1470 2066 1506 6.
2096 1467 2147 1505 ab
2178 1465 2257 1521 his]
2287 1468 2345 1507 ab
2374 1468 2447 1510 118.

294 1554 347 1561 —-
377 1533 476 1572 VII.
508 1536 572 1572 80.
603 1537 641 1573 4.
672 1530 728 1585 111]
763 1532 809 1572 11.
854 1555 907 1561 -
933 1532 1032 1572 VII.
1069 1535 1134 1571 80.
1166 1535 1201 1571 6.
1233 1529 1485 1584 excitabant]
1515 1531 1780 1571 excitabat.
1824 1554 1876 1560 —-
1905 1532 2001 1570 VII.
2037 1536 2100 1572 82.
2140 1537 2174 1572 1.
2209 1531 2279 1586 ac]
2309 1538 2365 1574 et.
2396 1558 2449 1563 —

293 1597 393 1638 VII.
433 1600 497 1638 83.
537 1601 576 1638 4.
616 1595 854 1650 deligunt]
894 1596 1081 1647 diligunt.
1118 1618 1168 1625 --—
1200 1597 1299 1637 VII.
1321 1599 1385 1637 84.
1411 1600 1445 1637 1.
1485 1594 1697 1650 mulculos]
1731 1596 1978 1636 musculos.
2012 1619 2061 1625 —
2093 1596 2217 1637 VIII.
2247 1598 2377 1648 praef.
2412 1604 2446 1641 3.

292 1661 480 1715 legent]
509 1663 708 1712 legerent.
740 1686 789 1691 —--
820 1662 917 1702 ibid.
946 1660 1152 1714 possint]
1181 1666 1357 1711 possent.
1388 1685 1441 1691 ——
1472 1663 1596 1701 VIII.
1625 1665 1663 1702 4.
1698 1667 1732 1702 1.
1762 1660 1931 1714 recepit]
1960 1662 2147 1711 recipit.
2177 1685 2231 1691 ——
2252 1664 2377 1704 VIII.
2408 1669 2448 1704 8.

296 1731 329 1767 1.
359 1725 538 1781 hostes]
567 1727 707 1769 hostiS.
744 1750 798 1757 —
823 1727 948 1768 VIII.
991 1730 1052 1768 19.
1087 1731 1121 1768 1.
1152 1724 1349 1781 Correo]
1380 1725 1552 1768 Corbeo.
1586 1751 1635 1755 —
1659 1727 1782 1767 VIII.
1811 1729 1876 1768 43.
1907 1730 1942 1767 2.
1973 1725 2206 1781 suspensi]
2252 1727 2389 1779 ignari
2413 1729 2447 1771 A

292 1793 474 1843 ignorari
523 1794 570 1835 Μ.
622 1816 673 1823 --
717 1794 841 1835 VIII.
896 1797 960 1834 54.
1013 1798 1051 1834 4.
1106 1792 1152 1833 C.
1192 1791 1423 1846 Fabium]
1456 1791 1533 1843 Qu.
1573 1793 1748 1833 Fabium
1778 1792 1851 1840 M..
1900 1793 1949 1833 de
1990 1793 2073 1833 cod.
2103 1793 2135 1834 A
2182 1805 2262 1833 non
2305 1794 2446 1844 liquet.
2507 1844 2511 1848 .

494 1859 691 1901 Videmus
732 1859 861 1910 igitur
902 1859 1062 1900 codices
1102 1859 1370 1909 interpolatos
1413 1871 1504 1899 cum
1545 1859 1719 1909 integris
1747 1859 1821 1900 Au
1863 1859 1997 1899 multis
2034 1859 2142 1905 locis,
2183 1859 2317 1899 rarius
2352 1872 2442 1900 cum

291 1924 496 1966 codicibus
526 1925 592 1968 BR
622 1936 857 1977 congruere.
916 1925 1057 1976 Atque
1084 1924 1268 1976 profecto
1305 1924 1360 1965 ad
1401 1925 1530 1965 verba
1566 1925 1781 1976 archetypi
1813 1925 2040 1975 indaganda
2075 1924 2147 1964 illa
2180 1926 2444 1967 consensione

292 1995 483 2040 tanquam
512 2003 614 2031 ansa
641 1992 732 2031 dari
759 1991 857 2031 mihi
875 1991 1050 2031 videtur.
1107 1991 1216 2030 Nam
1244 1994 1558 2031 consentaneum
1586 1995 1652 2031 est
1679 2003 1748 2031 eos
1768 1991 1925 2031 codices
1951 1991 2140 2040 integroS,
2172 1991 2240 2039 qui
2258 1991 2445 2040 pluribus

291 2055 403 2103 locis,
433 2056 503 2096 ubi
531 2068 661 2107 neque
688 2056 877 2097 mendum
904 2060 978 2096 aut
1004 2055 1265 2106 interpolatio
1295 2055 1634 2105 deprehendatur,
1664 2067 1793 2106 neque
1822 2055 1949 2096 oratio
1979 2055 2028 2095 ab
2063 2054 2252 2095 Caesaris
2282 2055 2444 2096 dicendi

289 2121 448 2162 ratione
467 2122 700 2170 abhorreat,
721 2134 811 2162 cum
829 2121 1089 2172 interpolatis
1109 2121 1353 2172 conspirent,
1373 2121 1589 2172 archetypi
1608 2122 1783 2172 speciem
1802 2125 1923 2172 atque
1942 2120 2154 2171 imaginem
2173 2121 2304 2171 magis
2324 2128 2444 2171 quam

289 2190 448 2228 ceteros
488 2199 588 2238 prae
630 2198 674 2228 se
716 2187 838 2228 ferre.
909 2187 1000 2228 Nec
1041 2191 1154 2227 recte
1193 2186 1428 2234 Vielhaber‚
1473 2187 1541 2237 qui
1584 2187 1670 2229 cod.
1716 2187 1782 2229 BR
1825 2187 1985 2228 nimium
2027 2186 2171 2226 tribuit
2212 2186 2441 2237 dignitatis,

289 2253 342 2292 ad
372 2254 497 2295 VIII.
528 2258 593 2294 25.
627 2258 661 2294 1.
693 2253 850 2305 (Ztsch.
880 2253 908 2293 f.
941 2258 976 2293 ὃ.
1008 2252 1059 2294 G.
1090 2254 1219 2294 XXI.
1248 2265 1286 2302 p.
1319 2253 1415 2306 539)
1435 2253 1590 2293 monuit
1617 2265 1686 2293 eos
1714 2254 1835 2301 locos,
1856 2253 1922 2293 ubi
1940 2254 1981 2292 in
2009 2252 2265 2301 interpolatis
2303 2253 2446 2293 eadem

289 2323 413 2368 atque
445 2319 488 2359 in
517 2320 604 2359 cod.
634 2319 708 2361 AR
743 2319 947 2369 legantur,
982 2319 1144 2368 saepius
1177 2331 1203 2358 a
1232 2322 1373 2359 vetere
1402 2319 1574 2368 quodam
1603 2319 1744 2359 critico
1774 2323 1990 2368 temptatos
2019 2328 2122 2365 esse3
2158 2318 2343 2367 equidem
2373 2320 2442 2358 ubi

287 2382 440 2434 integri
481 2383 556 2426 An
599 2396 690 2424 611111
726 2383 985 2434 interpolatis
1022 2386 1263 2434 congruunt,
1302 2383 1433 2424 locum
1470 2383 1785 2434 interpolatione
1828 2394 1973 2424 vacare
2015 2382 2223 2423 existumo.
2296 2384 2444 2433 Itaque

287 2448 539 2499 Nipperdeio
577 2454 621 2489 et
647 2450 831 2490 Holdero
869 2450 1080 2499 astipulor,
1119 2450 1187 2499 qui
1223 2449 1407 2499 inprimis
1435 2450 1730 2499 Bongarsiano,
1770 2450 1837 2499 qui
1873 2448 2125 2498 interpolatis
2162 2453 2227 2487 est
2263 2449 2444 2496 similior,

287 2514 688 2565 obtemperaverunt3
758 2518 882 2566 atque
944 2515 1050 2556 hanc
1106 2515 1305 2556 rationem
1359 2515 1402 2555 in
1453 2515 1715 2556 emendandis
1772 2514 1960 2555 Caesaris
2015 2513 2130 2554 libris
2186 2515 2444 2556 constantius

287 2580 535 2630 sequendam
573 2592 662 2623 esse
691 2593 853 2630 cense03
887 2592 980 2622 nam
1008 2592 1294 2631 nonnunquam
1330 2580 1422 2622 illos
1460 2580 1570 2622 viros
1609 2582 1660 2629 ab
1699 2581 1775 2621 hac
1813 2592 1886 2622 sua
1922 2579 2078 2620 ratione
2107 2579 2325 2621 recessisse
2363 2581 2445 2622 iam

288 2656 338 2686 ex
375 2645 426 2687 iis
463 2650 649 2697 apparet,
688 2658 792 2697 quae
829 2658 869 2697 p.
912 2650 974 2687 10.
1013 2646 1056 2686 in
1088 2646 1352 2687 annotatione
1389 2645 1484 2694 dixi,
1525 2650 1569 2687 et
1605 2646 1726 2687 facile
1764 2646 1882 2697 plura
1918 2644 2011 2686 addi
2047 2648 2227 2695 possunt.
2286 2645 2446 2687 Iniuria

289 2714 432 2750 contra
465 2711 625 2762 Frigell
664 2711 869 2751 codicibus
906 2711 1165 2761 interpolatis
1208 2722 1338 2761 paene
1374 2712 1574 2761 neglectis
1612 2712 1775 2751 nimiam
1811 2710 2094 2750 auctoritatem
2134 2710 2341 2750 codicibus
2376 2711 2443 2752 BR

287 2776 442 2823 tribuit,
479 2782 523 2817 et
554 2778 641 2826 ipse
670 2778 775 2817 hanc
809 2790 923 2817 suam
952 2777 1150 2817 rationem
1177 2778 1482 2827 improbandam
1510 2790 1600 2817 esse
1629 2778 1790 2817 videtur
1817 2776 2074 2822 intellexisse,
2118 2788 2211 2815 nam
2239 2776 2283 2816 in
2311 2778 2442 2826 praef.

286 2841 320 2883 Ι.
350 2853 389 2892 p.
419 2841 504 2884 XI.
524 2842 585 2884 ita
604 2842 720 2885 dicit:
753 2842 843 2893 „Ac
863 2842 984 2885 timeo
1013 2855 1064 2885 ne
1084 2842 1267 2885 tenacior
1286 2841 1429 2886 videar
1449 2855 1598 2891 eorum,
1625 2855 1728 2893 quae
1756 2842 1796 2884 in
1826 2841 1892 2885 ΡΒ
1921 2840 1964 2894 (1.
1995 2853 2028 2883 6.
2058 2840 2099 2882 111
2121 2840 2206 2895 BR)
2235 2841 2442 2894 legantur.

485 2996 512 3023 “)
530 2995 608 3024 Quae
626 2997 656 3020 in
673 2997 850 3027 interpolatis
868 2999 896 3020 et
913 2996 974 3021 cod.
993 2988 1051 3018 ΒΒ
1068 2997 1207 3025 leguntur.
1225 2996 1394 3020 lectionibus
1414 2987 1475 3017 ΑΜ
1493 2996 1672 3025 praecedunt.

483 3036 529 3071 Ἠ)
547 3037 604 3066 Alii
621 3038 710 3067 critici
728 3038 783 3066 ulla
800 3038 923 3067 referunt
940 3038 974 3067 de
992 3037 1045 3066 hoc
1063 3037 1139 3072 loco;
1156 3037 1191 3066 cf.
1209 3036 1302 3072 Hold„
1319 3036 1468 3073 Nipperd.;
1487 3044 1589 3073 sequor
1605 3036 1773 3070 Frigellium.
