2743 3436
1378 190 1401 226 2

309 300 470 348 polatos
502 298 665 339 minime
701 298 975 349 neglexerunt
1003 308 1219 346 eorumque
1260 295 1484 345 scripturas
1512 293 1621 334 haud
1648 293 1708 334 ita
1737 305 1832 333 raro
1871 296 1968 334 sunt
2004 296 2192 345 amplexi.
2251 300 2359 342 Sane
2388 301 2470 351 qui-

310 365 402 404 dem
429 359 554 413 saepe
573 363 857 404 difficillimum
885 367 950 404 est
969 362 1204 409 diiudicare,
1225 365 1361 401 utrum
1379 371 1508 409 genus
1536 359 1716 399 codicum
1745 357 1924 408 genuina
1943 359 2155 408 scriptoris
2184 365 2311 405 verba
2332 377 2468 406 serva-

309 428 465 478 verint3
493 440 570 470 nec
598 428 745 469 mirum
773 428 880 478 quod
907 427 1047 469 multis
1073 426 1174 468 locis
1202 437 1301 467 suae
1334 424 1538 467 voluntati
1571 427 1695 474 atque
1733 422 1904 464 arbitrio
1944 422 2249 469 inserviverunt
2277 430 2465 472 editores,

511 494 616 535 Cum
656 494 785 545 igitur
818 493 916 534 mihi
950 493 1199 544 propositum
1242 491 1307 539 sit,
1351 494 1398 532 ut
1440 491 1489 531 de
1523 489 1727 530 codicibus
1760 488 2019 539 interpolatis
2052 490 2254 541 disputem
2295 499 2339 536 et
2366 507 2469 546 quae

309 559 488 600 virtutes
514 570 698 609 quaeque
726 559 830 599 vitia
855 559 899 599 in
925 559 976 599 iis
995 559 1132 605 insint,
1163 557 1371 603 disseram,
1399 556 1631 606 priusquam
1659 566 1727 595 eos
1747 554 1907 594 codices
1934 553 1978 593 in
1997 556 2274 603 quaestionem
2302 561 2467 608 vocab0,

309 637 431 675 quam
458 624 699 666 brevissime
717 624 946 674 generatim
974 624 1024 663 de
1054 622 1270 670 codicibus,
1301 621 1368 671 qui
1396 622 1450 662 ad
1479 620 1853 662 commentationem
1881 630 2012 660 meam
2040 621 2316 672 pertinebunt,
2338 627 2466 667 verba

308 689 468 730 faciam.
526 689 666 739 Atque
694 688 777 728 tria
805 699 906 728 esse·
922 698 1077 738 genera
1104 687 1286 727 codicum
1306 685 1646 726 Caesarianorum
1671 685 1817 726 Heller
1847 683 2014 737 (Philol.
2044 684 2181 727 XVII
2209 699 2247 738 p.
2277 693 2357 730 492
2387 690 2465 743 sq.)

310 766 400 795 cum
429 767 480 794 ex
509 755 579 800 eis,
609 754 753 802 quibus
780 754 889 792 inter
917 764 962 791 se
987 752 1190 798 differunt,
1227 755 1313 790 tum
1342 763 1392 790 ex
1422 751 1591 797 lacunis,
1621 762 1723 799 quae
1751 751 1794 789 in
1820 750 1872 789 iis
1900 749 2176 797 inveniuntur,
2206 755 2466 802 sagacissime

309 819 487 870 collegit,
518 829 647 868 genus
675 817 878 866 integrum
910 817 975 858 vel
1003 816 1252 863 lacunosum,
1282 815 1462 863 mixtum,
1492 815 1794 865 interpolatum.
1853 813 2025 855 Codices
2054 817 2203 864 autem,
2246 818 2314 867 qui
2348 819 2466 869 primi

307 884 472 934 generis
499 887 605 930 sunt,
648 883 708 922 ita
740 882 849 921 inter
882 892 926 920 se
961 881 1207 930 discrepant,
1252 885 1299 920 ut
1333 881 1374 920 in
1404 881 1631 930 complures
1665 880 1842 920 familias
1874 880 1957 920 sint
1985 879 2265 930 distribuendi,
2296 895 2465 934 quarum

304 950 459 998 primae
488 949 573 988 cod.
601 948 907 996 Bongarsianus
935 947 958 985 I
987 947 1054 986 vel
1083 946 1455 985 Amstelodamenis
1486 946 1555 996 (Α)
1584 947 1751 995 eiusque
1780 946 1914 985 affinis
1943 945 2030 985 cod.
2058 945 2349 987 Moissacensis
2378 949 2463 1000 (Μ),

304 1013 427 1054 alteri
465 1012 591 1053 codex
625 1010 839 1052 Parisinus
867 1010 890 1050 Ι
929 1009 996 1063 (Β)
1034 1010 1200 1061 ejusque
1240 1009 1466 1050 simillimus
1504 1009 1591 1050 cod.
1633 1010 1863 1051 Vaticanus
1909 1012 2015 1051 3864
2051 1010 2119 1050 vel
2148 1010 2354 1054 Romanus
2384 1013 2464 1066 (R),

303 1082 347 1118 et
375 1078 410 1118 si
437 1076 599 1119 Helleri
632 1075 920 1116 auctoritatem
958 1074 1174 1125 sequimur,
1215 1075 1300 1115 cod.
1333 1074 1559 1115 Vossianus
1586 1074 1609 1115 I
1639 1074 1717 1128 (Β),
1757 1075 1808 1116 (18
1846 1087 1923 1125 quo
1960 1074 2069 1115 infra
2104 1074 2307 1125 dicemus,
2342 1078 2465 1119 adnu-

300 1148 521 1184 merantur.
579 1142 773 1190 Reliquos
801 1141 961 1181 codices
988 1140 1107 1180 huius
1136 1141 1300 1189 generis
1329 1144 1372 1180 et
1406 1141 1456 1187 ei,
1491 1141 1560 1189 qui
1593 1141 1735 1190 generi
1764 1142 1890 1181 mixto
1919 1142 2191 1188 ascribuntur,
2222 1143 2368 1193 quippe
2397 1146 2464 1193 qui

300 1209 452 1249 minore
490 1207 573 1247 sint
609 1206 868 1253 auctoritate,
908 1217 1148 1246 enumerare
1188 1205 1445 1255 supersedeo.
1504 1205 1635 1246 Tertii
1673 1209 1810 1247 autem
1839 1206 2013 1256 generis,
2055 1206 2161 1255 quod
2190 1208 2312 1258 vulgo
2341 1209 2464 1250 inter-

297 1263 478 1323 polatum
506 1275 690 1319 vocatur,
728 1271 771 1312 hi
808 1274 905 1312 sunt
928 1270 1110 1311 codices:
1153 1270 1366 1311 Parisinus
1403 1271 1462 1318 ΙΙ,
1502 1271 1692 1321 Frigellii
1730 1272 1950 1312 Thuaneus
1979 1271 2054 1324 (a),
2094 1271 2306 1313 Leidensis
2334 1274 2358 1314 I
2388 1274 2461 1328 (b),

299 1339 588 1387 Scaligeranus
623 1338 696 1388 (c),
740 1337 987 1375 Cuiacianus
1021 1337 1095 1387 (d),
1138 1336 1389 1375 Hauniensis
1422 1337 1443 1374 Ι
1479 1336 1551 1387 (8),
1589 1336 1915 1376 Vindobonensis
1943 1337 1966 1375 I
2000 1336 2069 1388 (f),
2117 1337 2358 1378 Ursinianus
2387 1339 2460 1390 (u),

294 1402 486 1443 Andinus
522 1401 598 1454 (Ιι),
648 1395 890 1441 Oxoniensis
939 1400 999 1452 (i).
1085 1400 1225 1440 Codex
1251 1389 1480 1440 'Parisinus
1522 1401 1570 1440 II
1613 1404 1656 1440 et
1698 1401 1953 1448 Ursinianus,
2011 1402 2225 1452 archetypi
2267 1406 2461 1452 tanquam

293 1467 499 1515 traduces,
554 1477 699 1517 agmen
747 1465 1088 1516 interpolatorum
1140 1465 1295 1506 ducunt
1344 1469 1388 1506 et
1438 1466 1558 1516 longe
1610 1469 1707 1507 sunt
1762 1477 1900 1507 eorum
1957 1466 2315 1517 praestantissimi;
2373 1467 2459 1509 cod.

292 1532 509 1574 Leidensis
546 1532 570 1573 Ι
610 1531 748 1572 multis
785 1531 885 1571 locis
931 1542 1057 1581 prope
1099 1530 1260 1571 accedit
1303 1531 1356 1571 ad
1398 1531 1629 1572 Parisinum
1667 1531 1725 1579 ΙΙ,
1766 1532 1838 1573 sed
1876 1543 1956 1573 non
1992 1532 2064 1580 ita,
2110 1535 2158 1572 ut
2199 1543 2249 1572 ex
2287 1544 2333 1573 eo
2371 1533 2458 1583 ipso

292 1599 511 1639 traductus
548 1609 637 1638 esse
665 1598 871 1645 videatur;
911 1597 1075 1646 saepius
1113 1597 1218 1636 enim
1253 1608 1342 1636 cum
1381 1597 1587 1637 codicibus
1629 1598 1803 1647 integris
1846 1598 2146 1647 conspirantem
2188 1610 2267 1637 non
2309 1598 2458 1638 iniuria

292 1663 432 1704 mixtis
459 1662 718 1703 adnumerari
746 1673 863 1712 posse
905 1661 1015 1701 infra
1057 1662 1280 1702 ostendam.
1339 1660 1439 1702 Cod.
1469 1661 1720 1702 Hauniensis
1749 1662 1783 1709 Ι,
1828 1674 1943 1712 quem
1981 1662 2139 1703 Whitte
2181 1662 2224 1702 in
2266 1674 2459 1702 commen-

291 1728 449 1770 tatione
478 1740 582 1778 quae
609 1728 822 1769 annalibus
850 1739 987 1779 gymn.
1018 1727 1272 1768 Roennensis
1309 1731 1411 1768 1847
1442 1728 1585 1768 addita
1620 1732 1695 1775 est,
1731 1728 1951 1778 diligenter
1984 1728 2168 1776 contulit,
2213 1729 2299 1769 sine
2337 1728 2457 1768 dubio

292 1794 555 1843 apographus
596 1797 659 1833 est
696 1793 781 1833 cod.
825 1792 1049 1838 Ursiniani,
1095 1804 1264 1841 quocum
1308 1792 1492 1841 plurimis
1536 1792 1635 1832 locis
1673 1793 1894 1841 consentit3
1939 1792 2039 1833 Cod.
2070 1792 2393 1834 Vindobonensis
2421 1792 2456 1839 I,

292 1870 411 1908 quam
455 1858 676 1899 Schneider
712 1857 945 1898 accuratius
981 1857 1171 1907 inspexit,
1220 1857 1304 1897 suis
1342 1858 1564 1899 virtutibus
1606 1869 1686 1897 non
1730 1862 1863 1907 caret3
1926 1859 2103 1908 reliquos
2141 1858 2300 1898 codices
2337 1858 2457 1898 huius

292 1924 456 1973 generis
485 1924 656 1963 nondum
689 1924 791 1963 satis
829 1923 1051 1972 diligenter
1079 1934 1270 1962 excussos
1303 1934 1392 1962 esse
1422 1923 1543 1962 valde
1572 1923 1788 1963 dolendum
1817 1928 1882 1963 est
1910 1927 1953 1963 et
1980 1935 2027 1963 eo
2057 1923 2199 1973 magis,
2230 1923 2334 1972 quod
2368 1923 2454 1962 cod.

291 1987 484 2029 Andinus
512 1991 555 2027 et
588 1986 839 2035 Oxoniensis,
871 1998 970 2037 quos
998 1987 1173 2027 alterum
1207 1987 1330 2027 alteri
1358 1987 1581 2027 simillimos
1609 1987 1735 2028 fuisse
1765 1986 2079 2038 Oudendorpius
2116 1987 2245 2039 praef.
2276 1999 2313 2037 p.
2343 1986 2456 2027 VIII

292 2053 514 2099 contendit,
544 2057 586 2092 et
613 2053 699 2093 cod.
729 2053 1021 2101 Scaligeranus
1051 2052 1120 2091 ubi
1149 2053 1212 2091 his
1242 2052 1490 2100 temporibus
1520 2044 1613 2099 sint,
1645 2054 1787 2092 lateat.

492 2117 552 2158 At
579 2129 819 2167 quamquam
848 2116 1114 2166 complurium
1135 2116 1317 2157 codicum
1346 2119 1389 2157 et
1407 2116 1660 2167 integrorum
1689 2121 1732 2158 et
1756 2117 2096 2167 interpolatorum
2115 2116 2311 2158 lectiones
2340 2127 2455 2156 accu-

289 2186 383 2223 rate
409 2182 600 2223 collectas
619 2182 823 2231 habemuS,
854 2186 991 2223 tamen
1020 2193 1101 2222 non
1129 2182 1273 2223 mirum
1294 2182 1510 2231 videbitur,
1540 2194 1620 2223 non
1654 2194 1813 2234 semper
1841 2183 1937 2233 quid
1965 2183 2113 2234 ubique
2141 2183 2316 2234 legatur,
2346 2180 2454 2221 inter

289 2260 372 2294 eos,
402 2249 470 2297 qui
495 2249 651 2288 codices
675 2252 953 2294 excusserunt,
990 2248 1219 2294 convenire,
1250 2260 1341 2287 cum
1369 2248 1411 2287 in
1439 2248 1590 2287 litteris
1620 2260 1910 2297 saepenumero
1939 2249 2168 2288 obscuratis
2197 2247 2303 2287 oculi
2330 2246 2452 2285 facile

288 2311 436 2353 fallere
461 2312 626 2363 possint.
674 2311 792 2364 Quod
819 2312 880 2353 ita
898 2324 1000 2360 esse,
1029 2325 1120 2353 cum
1140 2324 1190 2353 ex
1210 2312 1337 2353 variis
1366 2313 1608 2353 lectionibus
1636 2313 1735 2363 ipsis
1764 2317 1805 2354 et
1824 2313 1875 2354 iis
1895 2325 1998 2364 quae
2018 2313 2243 2354 Vielhaber
2258 2309 2450 2363 (Ztschft.

287 2377 317 2419 f.
357 2381 455 2419 ostr.
490 2377 635 2429 Gymn.
674 2379 774 2420 XV.
808 2391 846 2429 p.
878 2382 930 2418 29
959 2378 1037 2430 sq.)
1071 2382 1114 2418 et
1146 2379 1267 2418 Koch
1296 2379 1490 2431 (Ztschft.
1521 2379 1588 2419 fiir
1621 2378 2002 2430 Gymnasialwesen
2034 2379 2135 2420 XV.
2179 2391 2217 2429 p.
2255 2380 2331 2419 592
2374 2375 2452 2427 sq.)

287 2444 339 2483 de
382 2455 432 2483 ea
465 2455 509 2483 re
551 2444 875 2493 disputaverunt,
907 2454 1138 2492 cognosces.
1197 2444 1291 2483 Huc
1328 2444 1499 2490 accedit,
1544 2443 1650 2493 quod
1692 2456 1771 2483 non
1805 2455 1943 2484 omnes
1985 2444 2118 2483 critici
2164 2444 2213 2483 de
2248 2441 2453 2481 codicibus

288 2507 398 2548 idem
418 2508 657 2556 sentiebant,
687 2513 730 2549 et
757 2513 805 2549 ut
823 2508 992 2558 quisque
1020 2519 1159 2548 eorum
1178 2508 1456 2557 praestantior
1475 2508 1705 2557 videbatur,
1736 2520 1783 2548 eo
1813 2509 1979 2549 uberius
2007 2509 2095 2560 eJus
2122 2508 2319 2549 lectiones
2346 2503 2451 2544 refe·

286 2574 498 2614 rebantur.
555 2573 733 2614 Maxime
772 2574 847 2614 hoc
877 2574 931 2614 ad
959 2573 1119 2614 codices
1147 2574 1418 2624 interpolatos
1446 2574 1637 2624 pertinet,
1672 2586 1747 2615 nec
1776 2573 1912 2622 facile,
1943 2574 2040 2624 quid
2068 2574 2216 2624 ubique
2245 2573 2451 2613 vetustum

285 2638 392 2678 illud
435 2639 640 2687 exemplar
680 2640 969 2688 interpolatum
999 2639 1241 2685 exhibuerit,
1273 2640 1542 2689 cognoscitur.
1628 2640 1751 2679 Adde
1794 2640 1900 2688 quod
1942 2640 2066 2679 etiam
2108 2638 2266 2679 librarii
2307 2637 2449 2674 horum

284 2702 471 2744 codicum
508 2704 668 2754 saepius
705 2716 754 2746 ex
792 2703 960 2745 libidine
998 2708 1073 2745 aut
1110 2704 1373 2755 neglegentia
1409 2704 1536 2746 verba
1580 2704 1848 2745 describenda
1891 2706 2256 2751 commutaverunt,
2300 2700 2360 2741 ita
2403 2702 2451 2739 ut

280 2769 393 2808 haud
419 2768 481 2808 ita
498 2779 592 2808 raro
620 2770 690 2809 alii
709 2770 869 2810 codices
898 2771 950 2809 ab
975 2769 1069 2809 aliis
1088 2770 1301 2809 recedant:
1332 2770 1515 2820 requires
1540 2781 1695 2810 mecum
1721 2770 1881 2817 librum,
1913 2769 1982 2819 qui
2009 2780 2088 2809 non
2118 2770 2246 2809 solum
2266 2764 2449 2807 omnibus

281 2833 543 2879 lectionibuS,
574 2846 671 2882 quas
690 2835 921 2884 superiores
950 2834 1084 2874 critici
1109 2835 1376 2883 collegerunt,
1396 2835 1623 2874 instructus
1651 2835 1716 2880 sit,
1747 2835 1820 2874 sed
1848 2834 1945 2883 quid
1973 2834 2155 2874 codicum
2184 2834 2447 2880 integrorum,

286 2897 385 2947 quid
413 2897 748 2947 interpolatorum
777 2899 843 2946 sit,
875 2899 1067 2939 distincte
1096 2901 1219 2948 atque
1248 2903 1441 2939 accurate
1469 2899 1636 2940 referat.

481 2961 563 3003 Sed
608 2964 839 3014 priusquam
888 2965 1104 3014 explorare
1151 2964 1380 3012 instituam,
1430 2976 1534 3014 quae
1582 2964 1756 3005 conditio
1803 2963 1913 3004 inter
1960 2964 2120 3005 codices
2166 2963 2348 3011 integros
2404 2959 2449 2996 et

277 3028 552 3078 interpolatos
580 3028 819 3078 intercedat,
852 3030 903 3070 de
931 3029 1051 3070 iustis
1080 3029 1417 3080 interpolatorum
1438 3030 1680 3071 lectionibus
1705 3030 1938 3071 accuratius
1966 3029 2131 3071 videtur
2155 3022 2444 3069 disserendum.
