2743 3436
1348 168 1397 206 16

276 272 379 318 VII.
408 273 474 313 83.
517 271 554 311 3.
584 267 632 311 C.
663 267 902 313 Caninius
935 281 962 315 a
990 270 1038 314 C.
1065 271 1248 316 Caninus
1282 274 1388 317 eL.
1417 273 1599 317 Caninus
1626 272 1668 330 q]
1696 273 1850 316 Lucius
1877 272 2086 317 Caninius.
2117 300 2167 307 —
2197 276 2299 320 V11.
2320 281 2384 319 83.
2403 279 2443 318 4.

275 333 576 392 regionibus]
618 335 862 388 legionibus.
911 359 967 367 —-
1010 339 1109 381 ibid.
1151 331 1251 382 DX.
1293 341 1320 382 i.
1363 352 1398 383 e.
1442 340 1532 383 LX
1573 338 1720 395 milia]
1761 339 1857 382 LX.
1906 363 1961 370 —
2002 340 2105 383 VII.
2140 344 2207 385 84.
2246 347 2283 385 1.
2310 353 2445 395 para·

276 402 434 459 verat]
467 406 735 454 paraverant
780 425 835 433 —
864 403 967 445 VH.
1003 408 1069 446 88.
1104 409 1144 446 4.
1181 405 1424 462 Sedulius]
1459 406 1695 461 Asedullus.
1739 429 1789 436 —
1819 405 1945 448 VIII.
1992 411 2028 448 1.
2058 411 2096 449 3.
2136 406 2441 462 incommodi]

274 469 553 514 incommodae
582 468 613 511 Β
654 467 906 511 incommode
934 468 977 513 c.
1001 493 1075 506 >—
1103 470 1230 514 VIH.
1273 475 1312 514 4.
1345 477 1380 514 1.
1410 471 1668 514 sestertios
1695 472 1762 514 vel
1790 470 2023 528 sestercios]
2052 472 2211 516 sestios.
2241 495 2293 504 —-
2314 473 2439 516 VIII.

275 543 316 580 6.
345 542 384 579 2.
404 533 607 590 Correo]
633 533 796 576 Corbeo
825 534 881 577 cf.
923 548 958 578 c.
983 540 1045 578 17.
1070 541 1105 579 1.
1152 548 1189 578 c.
1223 541 1285 579 18.
1315 542 1353 586 3,
1402 550 1437 580 c.
1471 542 1532 580 19.
1562 543 1601 580 8.
1649 550 1684 579 c.
1714 542 1779 580 20.
1809 541 1846 579 2.
1889 550 1924 579 c.
1955 542 2019 580 21.
2047 541 2087 579 4.
2107 537 2306 580 —vm.
2337 544 2373 581 7.
2397 544 2435 581 6.

275 615 384 645 sese
412 600 620 649 offerre,
649 613 724 652 pro
748 613 827 651 quo
855 600 981 643 etiam
1008 606 1165 644 mutato
1193 603 1334 644 ordine
1362 605 1579 645 verborum
1606 604 1770 655 legitur.
1786 603 1957 652 „offerre
1984 602 2072 659 se“]
2101 603 2274 645 offerent
2301 616 2357 647 se.
2387 626 2441 635 -

276 669 406 711 VIII.
438 672 476 708 7.
508 671 545 708 7.
579 664 864 720 adduceret]
897 667 1122 708 adduceret
1158 672 1212 708 et.
1247 690 1299 696 —
1332 668 1429 709 ibid.
1468 666 1764 723 permanere]
1796 671 2066 720 permaneret.
2097 691 2147 698 -
2177 667 2305 711 VIII.
2334 672 2374 710 8.
2405 672 2442 711 3.

278 731 426 787 irent]
453 733 548 774 iret.
578 755 632 762 -
651 731 780 774 vm.
801 734 839 773 9.
860 736 897 773 3.
927 731 1115 786 muniri]
1146 733 1313 774 munire.
1342 756 1397 763 —
1416 733 1542 774 VIII.
1564 737 1601 774 9.
1621 737 1659 775 4.
1689 734 1769 784 qui
1792 734 1886 787 um,
1912 734 2058 783 reliqui
2085 734 2322 784 interpolati
2349 747 2442 776 cum

278 796 472 853 integris]
500 808 592 849 quo.
621 819 676 827 ——
708 796 805 839 ibid.
834 796 1031 848 propior
1063 797 1258 850 interpol.
1282 809 1372 838 cum
1407 795 1458 851 Ι]
1486 798 1673 848 proprior
1699 799 1768 842 ΑΒ
1795 798 1959 850 proprio
1987 798 2028 842 ὓ.
2070 822 2124 829 -
2152 798 2277 841 V111.
2310 804 2373 842 10.
2404 804 2441 842 2.

280 862 463 918 eadem]
492 862 645 903 eodem.
675 883 730 890 —-
758 861 884 902 VIII.
917 865 979 902 10.
1009 865 1046 901 3.
1077 862 1288 912 dispersi
1315 861 1649 916 pabulatores]
1684 862 1878 915 dispersis
1905 864 2185 915 pabulatoriis.
2228 885 2282 893 -
2318 864 2442 907 VIII.

289 936 352 973 11.
386 934 420 971 1.
450 926 737 981 oppugnari]
766 939 1015 977 oppugnare.
1052 950 1104 956 -
1133 927 1258 968 VIII.
1293 932 1354 967 13.
1386 931 1424 967 2.
1452 927 1760 983 interpositi]
1787 930 2052 980 interpositis,
2081 930 2187 980 quod
2215 930 2441 971 Vielhaber

283 996 417 1039 XXI.
446 1007 484 1046 p.
517 997 596 1036 538
639 992 906 1035 commendat.
949 1015 1001 1022 —
1033 993 1156 1033 VIII.
1196 996 1257 1033 15.
1290 997 1325 1034 3.
1355 992 1598 1033 absolutis
1618 989 1743 1036 ‘abed
1772 994 1981 1036 absolutos
2009 994 2080 1049 eu]
2123 1008 2172 1037 ac
2200 995 2356 1037 solutis.
2388 1020 2440 1026 —

288 1062 413 1104 VIII.
461 1063 523 1102 16.
557 1063 591 1101 1.
626 1055 813 1113 initum]
846 1057 950 1098 inita
983 1055 1085 1100 BGR
1113 1057 1243 1098 intum
1272 1056 1315 1099 Α.
1360 1079 1411 1085 ——
1444 1057 1567 1099 VIII.
1602 1060 1663 1099 19.
1695 1061 1732 1100 2.
1760 1058 2064 1116 interpositi]
2093 1060 2356 1113 interpositis.
2387 1084 2435 1091 —-

286 1129 411 1169 VIII.
444 1131 505 1167 19.
538 1130 574 1166 5.
602 1122 883 1176 itineribus]
911 1123 954 1162 in
982 1123 1207 1163 itineribus
1253 1144 1307 1152 —
1337 1122 1461 1163 VIII.
1492 1128 1556 1164 27.
1586 1127 1623 1164 3.
1654 1135 1756 1164 eum
1784 1124 1956 1179 locum]
1984 1136 2065 1166 non
2093 1138 2185 1168 eum
2211 1128 2356 1168 locum.
2387 1149 2426 1156 -

286 1194 410 1234 VIII.
455 1195 518 1232 28.
551 1195 586 1232 3.
617 1186 961 1242 subsistentes]
997 1188 1325 1228 subsistentibus
1355 1210 1409 1217 —
1438 1189 1563 1228 VIII.
1607 1192 1672 1228 33.
1706 1192 1742 1229 1.
1785 1187 1891 1244 quo]
1920 1190 2038 1240 quod.
2069 1214 2123 1221 —
2151 1193 2274 1233 VIII.
2305 1196 2369 1233 34.
2399 1196 2437 1234 4.

283 1255 455 1310 possit]
484 1258 632 1306 posset.
663 1277 717 1284 —
737 1254 862 1294 V111.
893 1257 957 1295 36.
987 1257 1025 1294 2.
1055 1253 1104 1294 in
1132 1254 1264 1294 trina
1291 1252 1472 1307 castra]
1500 1253 1611 1294 intra
1635 1258 1785 1295 castra.
1816 1277 1868 1285 -—
1889 1256 2014 1296 VIII.
2036 1261 2100 1297 39.
2125 1261 2160 1298 1.
2189 1257 2440 1311 Lucterio]

280 1322 461 1366 Luterio.
491 1344 546 1351 —
565 1319 689 1362 VIII.
723 1321 791 1361 41.
822 1323 859 1362 2.
889 1331 912 1361 e
940 1316 1155 1374 regione]
1184 1318 1363 1370 regione.
1393 1341 1447 1349 —-
1480 1320 1604 1362 VIII.
1634 1322 1700 1362 41.
1730 1323 1769 1362 4.
1799 1319 2077 1371 suspicione
2104 1320 2294 1381 interpol.
2321 1323 2440 1366 simul

278 1401 370 1429 cum
389 1388 476 1427 cod.
498 1386 551 1441 H]
580 1386 851 1435 susceptione.
881 1407 935 1414 -
955 1386 1080 1425 VIII.
1109 1388 1176 1424 48.
1201 1388 1262 1425 10.
1294 1385 1574 1425 consulibus
1602 1385 1721 1425 simul
1748 1385 1937 1438 interpol.
1957 1397 2049 1426 cum
2077 1387 2165 1428 cod.
2195 1386 2247 1442 U]
2275 1381 2443 1430 conceffi

280 1454 382 1497 808
411 1465 519 1494 conS.
549 1464 594 1492 se
622 1452 751 1493 Α..-
776 1451 900 1491 VIII.
932 1454 997 1491 51.
1045 1455 1079 1491 1.
1124 1448 1255 1503 Tum]
1299 1449 1413 1490 Cum.
1462 1473 1504 1479 ——-
1541 1451 1665 1490 VIII.
1702 1455 1766 1491 53.
1803 1455 1841 1491 2.
1875 1455 2111 1501 pararent
2137 1453 2351 1505 (parerent
2379 1453 2439 1508 o)]
2466 1449 2470 1453 ’

280 1521 506 1571 sperarent,
537 1516 644 1567 quod
670 1515 797 1557 etiam
824 1515 874 1558 bc
902 1515 1115 1566 praebent.
1147 1539 1196 1544 —
1228 1515 1352 1555 VIIL
1385 1517 1448 1556 54.
1481 1520 1516 1556 2.
1547 1513 1792 1569 Caesaris]
1821 1514 2006 1557 Caesari.
2034 1539 2088 1546 —-

476 1582 521 1623 Si
577 1581 667 1632 quis
722 1581 976 1632 integrorum
1037 1579 1166 1620 falsas
1219 1580 1417 1620 lectiones
1471 1581 1705 1621 accuratius
1759 1581 2027 1631 perspexerit,
2084 1582 2204 1633 longe
2246 1583 2443 1634 plurimas

280 1649 439 1691 librarii
469 1648 630 1689 incuria
657 1651 772 1688 ortas
796 1658 886 1687 esse
914 1646 1112 1694 iuveniet3
1148 1649 1192 1686 et
1224 1657 1373 1686 revera
1405 1650 1692 1695 praeterquam
1725 1646 1832 1696 quod
1863 1647 2034 1687 lacunas
2053 1648 2216 1695 habent,
2251 1649 2440 1690 mendum

279 1716 460 1756 codicum
479 1714 732 1763 integrorum
751 1723 921 1761 perraro
940 1715 1026 1751 tam
1044 1711 1207 1761 penitus
1226 1711 1343 1757 latet,
1373 1714 1421 1750 ut
1438 1711 1521 1751 levi
1540 1711 1763 1751 mutatione
1782 1711 1897 1751 facta
1914 1711 2003 1752 loco
2032 1717 2223 1763 corrupto
2242 1714 2442 1754 medicina

276 1781 416 1822 afferri
446 1782 637 1831 nequeat.
685 1777 768 1818 Sed
793 1777 992 1817 accedunt
1019 1777 1122 1817 satis
1147 1776 1265 1816 multi
1289 1777 1380 1823 loci,
1407 1776 1477 1816 ubi
1502 1776 1662 1816 codices
1682 1776 1919 1827 interpolati
1951 1777 2061 1818 iusta
2080 1779 2208 1818 verba
2228 1779 2440 1829 scriptoris

278 1846 472 1888 videntur
499 1843 728 1891 retinuisse,
758 1854 859 1893 quos
888 1854 996 1884 nunc
1024 1841 1172 1883 afferre
1201 1841 1378 1883 animum
1404 1841 1557 1883 induxi.
1597 1840 1700 1883 Cum
1728 1853 1826 1883 vero
1859 1842 2061 1892 genuinae
2094 1855 2148 1883 au
2180 1843 2436 1884 adulterinae

278 1911 362 1953 sint
397 1910 477 1952 hae
509 1908 718 1957 lectiones,
746 1907 856 1949 inter
890 1906 1053 1949 criticos
1087 1917 1168 1947 non
1211 1905 1312 1947 satis
1349 1906 1578 1955 conveniat,
1621 1910 1665 1948 et
1705 1906 1778 1948 alii
1819 1906 2063 1959 scripturam
2103 1907 2441 1960 interpolatorum

279 1977 523 2027 receperint,
552 1975 622 2014 alii
650 1974 888 2020 abiecerint,
917 1985 980 2013 me
1009 1985 1081 2013 eas
1099 1974 1296 2012 lectiones
1313 1973 1475 2012 illorum
1503 1973 1698 2019 codicum,
1727 1984 1831 2022 quae
1849 1974 2084 2023 probandae
2110 1974 2208 2014 mihi
2236 1975 2440 2022 videntur,

280 2045 477 2095 quantum
510 2043 665 2092 potero,
708 2050 832 2082 veras
873 2050 923 2081 ac
952 2038 1151 2089 genuinas
1191 2037 1332 2089 paucis
1374 2037 1512 2096 verbis
1552 2036 1717 2080 efficere
1758 2050 1859 2089 opus
1901 2042 1976 2080 est.
2033 2038 2179 2089 Neque
2220 2052 2289 2081 eos
2330 2041 2442 2082 locos

276 2106 614 2161 praetermittam,
644 2106 714 2147 ubi
741 2106 871 2148 verba
898 2105 985 2147 cod.
1005 2104 1344 2156 interpolatorum
1366 2115 1453 2145 non
1477 2115 1615 2146 veram
1648 2104 1894 2156 scripturam
1911 2104 2052 2156 ipsam,
2081 2105 2259 2157 vestigia
2277 2105 2440 2159 quidem

280 2176 369 2215 eius
396 2173 653 2226 indagandae
681 2172 875 2211 exhibere
903 2171 1001 2210 mihi
1029 2171 1233 2218 videntur,
1263 2172 1381 2210 velut
1407 2171 1442 2209 Ι.
1474 2175 1538 2211 39.
1571 2175 1607 2210 7.
1637 2192 1691 2198 -

476 2240 512 2279 Ι.
543 2241 607 2279 39.
628 2241 675 2278 ·6.
705 2237 925 2277 secundum
954 2237 1043 2276 cod.
1072 2234 1187 2288 ech
1224 2239 1298 2284 „et
1330 2236 1730 2285 magnitudinem“
1761 2236 2018 2277 scribendum
2046 2240 2121 2283 est,
2164 2248 2293 2286 neque
2323 2242 2436 2278 recte

279 2303 520 2356 Nipperdey
534 2301 694 2353 Frigell
708 2300 928 2343 Hoffmann
947 2301 1201 2352 asyndetum,
1223 2300 1328 2350 quod
1348 2300 1401 2340 ab
1416 2301 1492 2341 hoc
1510 2300 1599 2341 loco
1618 2300 1795 2342 alienum
1813 2305 1889 2349 est,
1912 2305 2159 2343 statuerunt.
2188 2323 2233 2331 —-
2257 2303 2293 2344 I.
2313 2305 2378 2343 39.
2398 2306 2424 2342 7
2430 2336 2438 2344 .

282 2370 382 2411 Cod.
410 2367 651 2419 interpolati
682 2367 1096 2417 „renuntiabaut“,
1126 2367 1214 2407 cod.
1243 2366 1396 2415 integri
1427 2366 1712 2415 „nuntiarant“
1750 2368 1967 2417 praebent3
1994 2367 2098 2408 illud
2126 2379 2152 2407 a
2179 2366 2438 2416 Schneidero,

281 2435 358 2476 hoc
377 2446 404 2475 a
424 2433 573 2475 ceteris
591 2435 759 2484 praeter
772 2431 1078 2483 Nipperdeium,
1096 2431 1331 2478 Whittium,
1347 2430 1633 2472 Hoffmannum
1654 2436 1864 2483 receptum
1877 2436 1953 2481 est,
1974 2432 2044 2484 qui
2063 2432 2150 2474 cod.
2171 2432 2439 2485 interpolatos

282 2514 333 2542 ex
351 2504 471 2552 parte
489 2499 623 2541 secuti
644 2499 937 2549 „nuntiabant“
959 2499 1164 2539 exhibent.
1195 2498 1322 2538 Certe
1337 2503 1496 2549 tempus
1512 2499 1953 2548 plusquamperfectum
1967 2503 2062 2549 post
2072 2499 2322 2549 imperfecta,
2338 2512 2440 2550 quae

283 2566 548 2617 praecedunt,
577 2564 845 2616 suspicionem
872 2567 1021 2611 movet,
1051 2567 1095 2604 et
1122 2567 1282 2604 tantum
1311 2566 1499 2604 contorta
1526 2563 1865 2614 interpretatione
1904 2564 2067 2605 defendi
2094 2568 2242 2614 potest.
2290 2567 2436 2616 Itaque
2471 2568 2475 2573 '

283 2631 562 2682 imperfectum
581 2629 895 2681 praeferendum
923 2632 1003 2678 est3
1039 2629 1112 2669 sed
1144 2640 1236 2669 cum
1274 2628 1558 2678 „renuntiare“
1589 2628 1618 2669 ii
1646 2628 1846 2677 dicantur,
1876 2629 1945 2680 qui
1976 2629 2031 2678 id,
2060 2629 2169 2681 quod
2196 2640 2439 2681 cognoscere

283 2697 484 2744 iubentur,
513 2697 671 2737 reversi
697 2696 901 2744 nuntiant,
930 2695 973 2735 in
1001 2695 1133 2747 prima
1152 2694 1316 2746 syllaba
1342 2693 1461 2735 verbi
1488 2694 1675 2735 mendum
1703 2694 1867 2736 videtur
1894 2695 2039 2736 inesse.
2096 2694 2276 2746 Simplex
2303 2686 2440 2737 autem

284 2763 464 2810 verbum,
485 2762 591 2812 quod
605 2762 757 2812 integri
775 2761 959 2808 tradunt,
979 2760 1073 2800 huic
1088 2760 1177 2800 loco
1193 2763 1334 2810 aptum
1348 2770 1401 2799 ne
1416 2760 1643 2811 putaveris3
1663 2772 1757 2800 nam
1777 2761 2033 2802 centuriones
2048 2764 2092 2801 et
2104 2761 2317 2810 praefecti,
2332 2766 2440 2811 post?

284 2837 404 2877 quam
427 2826 723 2876 imperatorem,
749 2826 818 2877 qui
850 2825 907 2866 sit
932 2825 1091 2866 animus
1118 2824 1303 2872 militum,
1331 2823 1569 2871 docuemut,
1597 2827 1801 2874 postremo
1820 2825 1860 2865 ei
1887 2836 1968 2866 non
1991 2824 2120 2867 solum
2153 2829 2336 2874 narrant,
2367 2826 2439 2867 sed

285 2903 376 2932 cum
390 2891 597 2941 gravitate
616 2892 792 2942 quadam
811 2891 1027 2932 declarant
1044 2890 1195 2930 milites
1209 2889 1319 2930 dicto
1340 2890 1377 2929 ei
1397 2901 1476 2929 non
1495 2889 1707 2930 audientes
1725 2890 1826 2931 fore.
1855 2890 1959 2931 Cum
1973 2891 2103 2941 igitur
2115 2891 2274 2931 nomine
2290 2891 2440 2932 denun-

284 2956 417 2997 tiandi
439 2967 560 3006 saepe
583 2957 685 2998 haec
710 2956 774 2997 vis
799 2955 1058 2997 conducatur
1076 2954 1129 2996 cf.
1155 2954 1191 2995 I.
1221 2959 1282 2995 14.
1311 2958 1348 3003 6,
1388 2955 1464 2995 hoc
1489 2954 1576 2995 loco
1604 2953 1824 2995 Caesarem
1852 2955 2211 2996 denuntiabant
2228 2956 2439 3006 scripsisse

283 3019 617 3063 verisimillimum
636 3025 711 3063 est.
733 3020 841 3070 —-7›I.
861 3023 928 3062 41.
950 3025 987 3063 3.
1017 3031 1167 3070 neque
1198 3031 1399 3070 unquam
1419 3030 1469 3060 ex
1489 3018 1576 3061 cod.
1606 3019 1758 3073 abent:
1786 3031 1877 3062 cum
1897 3020 2159 3072 Nipperdeio,
2179 3020 2437 3067 Hoffmanno‚
2494 3078 2499 3083 ·
