2743 3436
1369 185 1395 223 8

294 288 541 346 Caesaris]
568 289 757 341 interpol.
787 289 1014 341 utriusque.
1045 314 1096 320 —
1125 290 1162 332 Ι.
1191 293 1257 333 43.
1278 295 1316 333 4.
1346 289 1441 345 ubi]
1471 294 1529 333 ut.
1556 314 1607 321 -
1633 290 1729 332 ibid.
1759 290 2159 346 commemoravit]
2188 292 2458 342 praedicavit.

297 381 348 387 -
382 358 417 398 I.
452 358 519 397 47.
553 360 592 397 4.
636 354 817 400 Gaium,
838 354 1109 411 Valerium]
1139 356 1364 398 Valerium.
1407 379 1462 386 —
1502 357 1607 398 Ibid.
1650 360 1700 398 et
1739 360 1942 408 propter
1982 355 2128 397 fidem
2170 360 2220 398 et
2259 362 2461 409 propter

294 422 492 473 linguae
520 420 735 472 gallicae
763 420 1039 470 scientiam,
1075 423 1166 472 qua
1194 423 1347 463 multa
1378 422 1469 463 iam
1498 422 1781 464 Ariovistus
1815 421 2079 473 longinqua
2106 423 2460 464 consuetudine

292 485 540 540 utebatur]
575 498 746 536 quorum
783 486 965 527 amicitia
1002 487 1085 527 iam
1123 487 1363 528 Ariovistus
1399 488 1619 537 longinqua
1655 487 1946 528 consuetudine
1983 487 2178 528 utebatur
2211 491 2255 527 et
2291 492 2461 537 propter

291 551 411 593 fldem
439 554 484 592 et
518 554 689 602 propter
716 550 886 602 linguae
922 551 1099 603 gallicae
1127 551 1353 593 scientiam.
1393 575 1444 581 —
1482 551 1579 594 ibid.
1609 550 1853 606 utebatur]
1892 563 1989 594 usus
2017 556 2120 593 erat.
2158 574 2212 581 —
2249 552 2286 593 Ι.
2317 556 2380 593 50.
2421 557 2459 595 5.

290 627 462 657 novam
489 614 666 671 lunam]
695 627 845 657 nonam
877 616 1027 658 lunam.
1058 638 1112 646 —
1140 616 1176 658 Ι.
1208 620 1270 658 52.
1303 619 1339 657 6.
1375 616 1627 672 conversa]
1661 617 1857 659 coniecta.
1887 639 1935 646 —
1973 617 2008 658 I.
2046 619 2110 659 53.
2139 618 2177 658 4.
2207 619 2417 667 utraeque.
2449 649 2459 658 .

288 679 518 734 perierunt]
556 685 745 731 utraque.
777 713 787 722 .
816 682 950 731 periit.
981 704 1036 711 —-
1070 682 1198 722 11.·1.
1231 686 1266 722 3.
1302 681 1576 734 noluerant]
1611 683 1777 723 nollent.
1814 706 1864 711 —
1907 682 1966 723 11.
1999 687 2034 723 3.
2066 686 2103 723 5.
2133 682 2202 722 cis
2229 680 2458 735 Rhenum]

290 745 405 797 ripas
432 745 583 788 Rheni.
614 770 665 777 —
685 745 784 789 ibid.
812 745 1061 797 imperium
1090 743 1339 800 unumque]
1369 757 1445 787 om.
1465 745 1716 797 interpolati.
1737 770 1791 777 —
1810 746 1869 789 11.
1900 751 1938 789 8.
1968 750 2005 789 3.
2035 743 2249 801 occupare]
2277 749 2458 788 tenere.

291 835 344 841 —
370 812 469 853 ibid.
500 810 719 867 obduxit]
748 812 877 853 duxit.
898 835 948 841 —
969 813 1030 853 II.
1052 815 1088 852 9.
1109 816 1148 853 4.
1178 810 1453 865 traducere]
1482 812 1762 854 transducere.
1784 836 1838 843 —
1857 813 1916 854 II.
1951 817 2013 855 17.
2043 816 2082 854 4.
2111 811 2253 867 possit]
2282 816 2457 864 posset.

289 901 346 908 —
365 880 427 920 II.
449 882 515 920 23.
535 881 574 919 4.
604 879 662 918 ab
690 889 746 918 ea
773 875 1056 930 intervallo]
1086 878 1138 916 ab
1166 877 1397 917 intervallo.
1418 899 1473 905 —
1491 877 1552 917 ΙΙ.
1575 882 1640 918 27.
1665 882 1700 918 1.
1730 882 1827 918 tum
1856 879 2062 919 calones.
2085 910 2094 919 .
2125 877 2458 932 occurrerunt]

291 943 473 985 calones
506 976 515 985 .
545 945 820 985 occurrerent.
865 966 914 972 —
959 942 1019 983 ΙΙ.
1050 945 1113 983 27.
1145 945 1181 983 2.
1211 940 1446 995 pugnant]
1475 952 1650 992 pugnae.
1695 966 1749 972 —
1791 944 1851 984 H.
1883 947 1947 984 27.
1980 948 2015 985 5.
2052 955 2193 985 ausos
2222 942 2342 998 esse]
2372 944 2461 985 ausi

292 1008 388 1061 (aut
416 1009 453 1049 si
480 1009 555 1062 aa)
584 1008 691 1058 quod
719 1011 868 1048 essent.
897 1031 949 1037 —
978 1007 1039 1047 II.
1071 1010 1134 1047 29.
1165 1010 1203 1047 4.
1235 1005 1519 1061 custodiam]
1549 1007 1771 1048 custodiae.
1798 1030 1852 1037 —
1876 1008 1935 1048 II.
1968 1012 2032 1049 30.
2065 1013 2101 1050 2.
2132 1010 2264 1049 vallo
2293 1009 2459 1059 pedum

292 1075 343 1114 in
372 1075 584 1114 circuitu
612 1071 896 1124 quindecim]
925 1073 1035 1112 vallo
1064 1072 1211 1121 pedum
1231 1073 1339 1111 XII.
1369 1072 1411 1111 in
1440 1072 1613 1112 circuitu
1642 1072 1742 1112 XV.
1770 1095 1823 1101 —
1848 1072 1933 1112 III.
1965 1076 2002 1112 9.
2025 1077 2061 1113 6.
2092 1074 2375 1114 acciderent
2394 1075 2459 1115 bu

296 1139 540 1180 acciderant
565 1135 723 1191 Anca]
753 1136 1007 1177 accederent.
1040 1161 1091 1166 —
1120 1136 1205 1177 ΠΙ.
1238 1141 1299 1177 12.
1335 1140 1369 1176 1.
1400 1134 1610 1191 accedit]
1640 1136 1802 1178 accidit.
1823 1160 1877 1166 —
1902 1138 1987 1178 HI.
2021 1141 2084 1179 13.
2116 1141 2153 1179 9.
2184 1139 2246 1179 rei
2273 1138 2459 1193 relictae]

294 1205 521 1246 relictae.
552 1227 601 1234 -
630 1203 714 1244 III.
747 1205 809 1243 18.
842 1206 877 1243 7.
908 1200 1054 1256 arma]
1084 1202 1253 1252 copiam.
1275 1225 1326 1231 —-
1347 1201 1425 1243 IV.
1458 1206 1493 1244 1.
1526 1205 1589 1243 10.
1619 1200 1888 1256 quicquam]
1917 1213 1993 1243 om.
2023 1202 2213 1254 interpol.
2242 1227 2291 1234 —
2314 1204 2391 1246 IV.
2420 1208 2458 1246 4.

298 1276 335 1311 7.
366 1282 486 1321 quae
515 1269 641 1309 eitra
660 1269 866 1308 Rhenum
896 1266 1020 1320 erat]
1052 1280 1155 1316 quae
1185 1268 1291 1307 citra
1311 1268 1499 1308 Rhenum
1527 1268 1569 1307 in
1589 1268 1674 1307 suis
1693 1268 1857 1308 sedibus
1877 1272 1979 1308 erat.
2010 1269 2131 1310 —V.
2162 1275 2226 1310 23.
2255 1274 2294 1310 4.
2323 1270 2461 1311 refice-

293 1333 457 1390 rentur]
495 1334 809 1375 reicerentur.
849 1356 903 1361 —
932 1331 984 1374 V.
1024 1335 1088 1374 24.
1129 1336 1166 1373 3.
1206 1330 1418 1386 Quintum]
1458 1344 1534 1374 om.
1574 1332 1762 1383 interpol.
1803 1356 1857 1362 -
1886 1332 1938 1374 V.
1975 1336 2038 1375 36.
2072 1337 2109 1374 3.
2152 1334 2459 1390 perseverat]

288 1401 493 1442 constitit.
537 1422 585 1428 —
618 1399 694 1439 VI.
733 1402 766 1439 1.
804 1403 840 1439 3.
869 1397 1078 1452 resarciri]
1113 1398 1303 1438 sarciri.
1348 1421 1401 1427 —
1430 1398 1506 1439 VI.
1538 1402 1574 1439 5.
1607 1403 1643 1439 3.
1688 1402 2078 1439 concertaturum
2113 1399 2217 1440 bam
2252 1403 2460 1441 concerta-

296 1471 436 1509 turum
464 1469 671 1507 tenturum
701 1462 817 1518 BGR]
848 1468 1145 1505 contentarum.
1177 1488 1227 1494 -
1259 1464 1335 1506 VI.
1366 1469 1404 1505 8.
1438 1469 1472 1506 7.
1509 1462 1820 1518 receperunt]
1856 1465 2128 1506 contulerunt.
2163 1488 2217 1494 —
2245 1465 2321 1507 VI.
2354 1470 2390 1507 9.
2421 1471 2458 1508 2.

297 1531 408 1586 nna]
444 1532 589 1572 altera.
634 1554 684 1559 —
714 1529 790 1571 VI.
824 1533 886 1570 12.
922 1532 959 1570 5.
1002 1528 1309 1583 imperfecta]
1353 1529 1519 1570 infecta.
1563 1552 1617 1558 —
1645 1529 1722 1570 VI.
1765 1533 1828 1570 23.
1866 1533 1902 1570 2.
1946 1529 2193 1584 expulsos]
2236 1531 2405 1581 expulso
2436 1542 2462 1573 a

296 1596 481 1647 expulsis
509 1606 562 1648 eq
591 1595 708 1635 simul
735 1606 825 1635 cum
855 1595 942 1635 cod.
974 1594 1054 1636 BR.
1084 1617 1138 1623 —
1157 1594 1235 1636 VI.
1258 1598 1321 1635 34.
1344 1599 1380 1634 2.
1407 1593 1663 1647 ubicumque]
1692 1595 1772 1635 ubi
1800 1595 1984 1644 cuique.
2033 1595 2110 1635 VI.
2134 1598 2197 1636 34.
2220 1600 2256 1636 6.
2287 1596 2458 1650 vellent]

297 1663 468 1704 vellet.
499 1685 548 1690 —-
570 1660 646 1701 VI.
665 1664 730 1701 43.
753 1664 789 1700 2.
818 1658 1223 1713 incendebantur]
1244 1659 1579 1701 incendebantur.
1636 1660 1794 1700 Pecora
1813 1659 2177 1701 interficiebantur.
2198 1684 2251 1690 —
2271 1661 2371 1703 VII.
2395 1665 2458 1703 58.

300 1733 337 1769 3.
359 1727 610 1777 Sequanae
630 1723 748 1779 hm]
769 1723 971 1774 Sequana.
994 1748 1045 1754 —
1067 1724 1168 1766 VII.
1192 1728 1254 1765 71.
1278 1729 1314 1766 3.
1335 1724 1558 1766 hostibus
1586 1725 1633 1765 in
1652 1723 1936 1779 cruciatum]
1956 1725 1998 1766 in
2018 1725 2242 1769 cruciatum
2261 1726 2457 1768 hostibus

298 1816 353 1822 —
382 1793 485 1834 VH.
518 1796 579 1832 77.
609 1795 646 1831 8.
676 1789 783 1841 Quid
811 1790 854 1830 in
882 1789 1099 1844 hominum]
1130 1789 1255 1841 Quid
1284 1790 1530 1831 hominum.
1575 1813 1624 1819 —
1656 1790 1757 1831 VII.
1790 1796 1854 1831 77.
1887 1795 1949 1832 10.
1986 1791 2261 1832 Romanorum
2288 1791 2458 1847 animos]

299 1860 550 1899 Romanos
585 1879 637 1885 -—-
669 1855 766 1896 ibid.
801 1856 888 1896 sine
923 1854 1065 1909 causa]
1109 1856 1319 1896 animine
1363 1867 1522 1897 causa.
1566 1879 1620 1885 —
1647 1856 1750 1897 VII.
1797 1860 1859 1897 78.
1905 1861 1942 1897 2.
1985 1856 2057 1897 illo
2100 1860 2237 1906 tamen
2278 1861 2458 1908 tempore

298 1921 453 1977 potius]
482 1922 568 1962 illo
598 1925 751 1962 tamen
779 1921 955 1971 potius.
999 1944 1054 1950 —
1094 1921 1190 1962 Hae
1218 1921 1415 1962 lectiones
1443 1921 1544 1962 satis
1572 1924 1669 1961 sunt
1697 1921 1928 1962 testimonio
1958 1922 2137 1963 codicem
2164 1922 2407 1964 Leidensem
2434 1923 2458 1963 Ι

298 2000 380 2028 non
422 1992 573 2027 temere
613 1986 655 2025 in
686 1986 946 2034 interpolatis
980 1986 1220 2032 ducendum,
1263 1986 1337 2026 sed
1378 1998 1470 2025 cum
1511 1986 1628 2025 modo
1672 1986 1758 2025 cod.
1793 1986 1989 2036 integros
2032 1987 2148 2027 modo
2190 1987 2459 2037 interpolatos

298 2056 507 2104 sequatur,
550 2051 691 2092 melius
717 2051 761 2091 in
788 2051 926 2091 mixtis
954 2051 1247 2092 numerandum
1276 2063 1384 2100 esse3
1429 2055 1472 2091 et
1505 2049 1557 2091 si‘
1577 2055 1750 2101 quaerat
1777 2052 1986 2101 quispiam,
2025 2064 2102 2102 quo
2132 2052 2271 2093 codice
2298 2053 2460 2104 integro

298 2121 468 2170 praeter
494 2117 759 2168 interpolatos
786 2116 980 2157 librarius
1008 2116 1096 2158 cod.
1115 2116 1329 2158 Leidensis
1357 2117 1381 2157 Ι
1409 2127 1506 2157 usus
1535 2116 1601 2164 sit,
1631 2116 1836 2165 habemus,
1866 2128 1939 2158 cur
1968 2117 2055 2158 cod.
2081 2117 2313 2158 Parisinum
2341 2118 2365 2159 I
2394 2119 2461 2160 vel

300 2185 390 2236 eJus
418 2183 671 2230 simillimum,
709 2195 790 2223 non
827 2183 915 2223 cod.
945 2183 1272 2233 Bongarsianum
1312 2183 1379 2223 vel
1417 2183 1505 2234 ejus
1538 2184 1818 2233 apographum
1846 2183 2095 2224 describenti
2131 2187 2296 2233 praesto
2335 2184 2461 2225 fuisse

302 2249 595 2297 existimemus3
632 2260 725 2289 nam
753 2253 801 2289 ut
827 2260 959 2299 pauca
987 2248 1107 2289 huius
1135 2248 1304 2299 originis
1332 2249 1400 2289 vel
1429 2248 1683 2298 cognationis
1712 2248 1890 2299 vestigia
1918 2248 2098 2297 afferam,
2129 2249 2218 2290 cod.
2258 2249 2282 2291 h
2321 2251 2462 2292 eadem

299 2318 426 2366 atque
456 2314 541 2355 cod.
578 2314 642 2356 BR
676 2315 740 2355 his
768 2314 868 2355 locis
897 2314 1080 2355 exhibet:
1110 2314 1211 2355 VII.
1243 2317 1307 2355 66.
1340 2319 1376 2355 7.
1406 2313 1503 2356 hen
1532 2326 1623 2355 non
1651 2313 1740 2367 bis]
1769 2314 1936 2367 Aflaeq
1966 2326 2058 2355 non.
2089 2338 2142 2344 —
2171 2314 2297 2356 VIII.
2330 2319 2392 2357 14.
2422 2320 2460 2358 4.

302 2380 399 2423 ben
436 2379 509 2420 ita
546 2391 643 2420 cum
681 2380 858 2430 palude
894 2377 1143 2433 impedita]
1181 2379 1347 2431 Aliaeu
1376 2378 1438 2419 ita
1466 2379 1616 2429 palude
1644 2379 1849 2430 impedita.
1881 2403 1930 2410 —-
1963 2380 2088 2421 VHI.
2118 2383 2185 2421 48.
2218 2385 2253 2421 7.
2285 2379 2385 2423 ben
2413 2394 2462 2422 ac

299 2446 337 2487 si
365 2444 519 2496 proelio
557 2445 729 2485 secundo
767 2444 953 2495 graviter
989 2442 1246 2498 vulneratus]
1285 2444 1453 2497 Aliaeu
1491 2445 1714 2495 graviter
1741 2445 2046 2486 vulneratus.
2090 2468 2144 2474 —
2173 2445 2298 2486 VIII.
2330 2449 2393 2487 55.
2425 2450 2461 2488 2.

301 2511 400 2555 ben
435 2510 702 2560 belligerandi
731 2509 958 2565 contendit]
986 2510 1153 2563 Assaeq
1183 2510 1524 2560 belligerandi.
1555 2534 1609 2540 —
1638 2508 1746 2562 Quid
1774 2510 1903 2561 igitur
1930 2523 2032 2561 opus
2059 2515 2125 2552 est
2151 2509 2299 2561 plura?
2338 2510 2462 2553 Certe

298 2587 454 2626 anceps
491 2575 639 2616 codicis
674 2579 824 2617 natura
860 2575 1080 2617 manifesta
1117 2580 1192 2623 est,
1231 2580 1275 2616 et
1311 2576 1400 2616 iure
1437 2587 1487 2615 ac
1525 2576 1888 2617 merim-iudicium
1917 2575 2207 2626 Oudendorpii‚
2238 2576 2307 2625 qui
2333 2577 2463 2626 praef.

300 2654 340 2693 p.
372 2641 424 2683 V.
455 2641 542 2681 cod.
571 2641 810 2682 Leidensem
837 2641 965 2682 mirae
993 2641 1247 2691 integritatis
1282 2645 1326 2681 et
1358 2641 1554 2682 bonitatis
1583 2641 1777 2691 egregiae
1806 2652 1896 2682 esse
1924 2642 2149 2692 praedicat,
2179 2642 2232 2682 ab
2262 2641 2465 2683 existima·

299 2707 459 2749 toribus
486 2706 746 2757 improbatur,
783 2710 826 2748 et
853 2710 967 2748 recte
995 2706 1236 2758 Nipperdey
1266 2718 1304 2757 p.
1334 2709 1386 2747 43
1426 2706 1533 2747 hunc
1568 2706 1747 2747 codicem
1782 2707 1966 2749 bonitate
1999 2708 2166 2758 reliquis
2194 2707 2464 2757 interpolatae

300 2772 483 2814 familiae
510 2771 740 2813 inferiorem
769 2783 859 2813 esse
889 2772 1021 2813 docet.

500 2836 584 2879 Sed
598 2838 781 2888 quoniam
795 2838 846 2881 de
860 2838 1136 2886 similitudine,
1152 2849 1256 2889 quae
1270 2837 1380 2878 inter
1394 2837 1554 2879 codices
1568 2837 1838 2889 interpolatos
1852 2842 1896 2879 et
1910 2838 2093 2890 integros
2108 2842 2183 2887 est,
2200 2837 2464 2889 disputamus,

298 2916 393 2946 cnm
420 2903 581 2945 codices
609 2904 777 2946 alterius
806 2904 970 2955 generis
996 2904 1039 2945 in
1058 2905 1286 2955 complures
1305 2903 1483 2944 familias
1502 2904 1690 2945 diversae
1708 2904 1857 2945 indolis
1877 2904 2101 2953 discedant,
2122 2916 2292 2955 quarum
2310 2905 2466 2955 primae

299 2970 389 3012 cod.
418 2969 745 3020 Bongarsianum
772 2972 795 3011 I
830 2975 874 3011 et
901 2969 1237 3016 Moissacensum,
1267 2969 1439 3010 alterius
1468 2969 1554 3011 cod.
1584 2969 1817 3010 Parisinum
1845 2971 1868 3010 I
1898 2974 1942 3011 et
1969 2971 2195 3011 Romanum
2224 2980 2313 3010 esse
2342 2981 2466 3020 supra

299 3035 485 3084 diximus,
515 3034 718 3085 inquirere
743 3047 848 3076 nunc
877 3035 986 3084 licet,
1017 3035 1100 3076 utri
1118 3034 1296 3076 familiae
1316 3034 1475 3076 codices
1493 3035 1731 3086 interpolati
1750 3035 1961 3076 similiores
1980 3035 2074 3077 sint.
2132 3035 2226 3076 Hac
2256 3046 2302 3075 re
2332 3036 2468 3086 explo-
