2743 3436
1345 204 1395 242 17

284 308 472 361 Diutero,
500 311 738 354 Prammero
769 310 988 365 legendnm
1028 314 1106 355 est.
1162 310 1339 354 Constat
1370 309 1532 363 quidem
1558 310 1778 373 Gaesarem
1805 312 1929 356 etiam
1970 314 2022 357 V.
2050 317 2118 358 35.
2146 316 2189 358 4.
2215 312 2449 370 particulas

285 382 390 428 „nec
407 406 419 419 .
439 406 451 420 .
470 381 629 428 neqw‘
647 388 881 429 usurpasse,
901 378 975 419 sed
991 389 1191 430 nusquam
1211 380 1335 429 „nec“
1356 381 1454 419 ante
1472 378 1637 428 vocales
1655 379 1764 429 apud
1777 390 1868 422 eum
1886 368 2300 432 scriptum-ridemus.
2311 376 2451 423 'istut

284 454 360 496 pro
380 454 482 487 voce
495 443 670 496 vulgata
688 444 982 496 „necopinanffl
1007 435 1268 497 „inopinans“
1289 454 1450 495 semper
1467 443 1725 486 substituerit
1742 444 1796 488 cf.
1813 446 1849 488 Ι.
1869 450 1933 488 12.
1953 449 1991 489 3.
2006 444 2098 489 'VL
2120 450 2185 491 37.
2201 450 2240 489 3.
2258 441 2373 489 alffl.
2393 468 2447 476 ·-

285 510 323 551 I.
350 512 421 552 42.
450 514 489 552 6.
516 509 776 552 Gaesarem
802 510 985 560 facere,
1014 506 1167 552 omisso.
1178 510 1414 561 pronomine
1442 508 1545 558 ‚,ei,“
1574 510 1678 560 quod
1695 511 1847 562 integri
1873 512 2038 562 liabent,
2058 519 2203 555 veram
2226 520 2322 555 ene
2347 511 2450 554 serl-

284 578 448 627 pturam
475 575 571 617 inde
606 579 793 627 apparet,
826 576 934 627 quod
960 587 1192 627 pronomen,
1224 575 1261 617 si
1287 568 1469 627 spurium
1505 585 1585 617 non
1612 580 1732 624 esset,
1774 576 1828 618 ad
1863 576 2013 620 milites
2047 577 2221 630 leglouis
2247 576 2444 627 decianae,

284 651 366 682 non
388 639 458 681 vad
484 640 688 692 ⁴legionem
716 640 912 681 decimam
940 640 1198 682 referendum
1226 644 1302 682 est.
1358 639 1517 681 Iniuria
1543 639 1671 691 igitur
1702 641 1860 693 Frigell
1887 652 2027 684 vocem
2057 643 2145 693 „ei“
2174 641 2359 685 refluuit.
2388 642 2444 673 ·-'-

284 708 321 748 Ι.
354 709 423 748 43.
467 709 503 747 9.
533 705 1013 756 Verbis.„postulavit
1050 705 1225 747 deinde
1255 705 1453 747 eadem“
1481 717 1619 747 omnes
1644 710 1810 756 praeter
1845 703 2086 759 Frigemun
2113 712 2160 750 et
2188 708 2442 757 Dtbnerum,

286 771 432 823 quibus
463 770 689 814 Vielhaber
716 770 875 824 (Ztsch.
904 770 934 813 f.
963 775 1000 813 ὅ.
1029 769 1082 814 G.
1110 770 1211 814 XV.
1240 782 1280 824 p.
1311 770 1381 823 36)
1413 769 1684 822 astipulatur,
1713 782 1852 814 vocem
1881 762 2074 823 „deinde“
2104 785 2157 816 ex
2183 772 2445 826 intui-poleos

282 836 555 885 inseruerunt,
570 846 675 887 quae
687 840 782 887 post
798 835 1176 886 „commemoravit“
1194 867 1204 878 .
1221 867 1231 877 .
1250 836 1450 886 „docebat
1462 835 1610 876 etiam“
1628 835 1698 876 vix
1712 835 1934 878 desiderari
1945 838 2274 889 μοῦσαι-[45.
2284 841 2322 880 1.
2339 841 2442 888 „et“
2467 877 2470 879 μ

286 906 385 944 ante
412 914 590 953 „neque
619 934 627 943 .
659 934 669 943 .
698 907 878 953 neque“
907 902 1088 943 Whittio
1111 906 1280 943 auctore
1299 906 1413 944 recte
1438 913 1576 943 omnes
1595 904 1761 952 praeter
1778 902 2068 954 Nipperdeium
2086 908 2132 945 et
2148 903 2443 947 Schneiderun

285 968 525 1018 omissi-mm
573 979 667 1010 nam
711 968 795 1010 illis
842 967 1187 1010 enuntiationibus
1232 968 1362 1010 multa
1405 967 1491 1015 illa,
1537 978 1665 1018 quare
1711 966 1866 1010 Caesar
1909 969 2071 1021 negotio
2117 969 2318 1012 desistere
2361 981 2445 1013 nou

284 1034 477 1089 potuerit,
505 1033 780 1088 explanantur
807 1033 859 1077 cf.
887 1033 1063 1087 Madvig
1085 1033 1264 1076 AdverS.
1290 1034 1339 1076 H
1367 1045 1406 1088 p.
1433 1035 1526 1077 249.
1549 1056 1599 1063 —-
1628 1033 1664 1075 Ι.
1684 1035 1750 1076 49.
1773 1037 1808 1075 3.
1835 1037 2187 1088 perta-terent,
2216 1035 2325 1089 quod
2351 1034 2440 1078 cod.

283 1101 474 1153 interpol.
516 1100 722 1148 exhibent,
764 1111 845 1140 non
887 1104 1157 1149 „terrerent“,
1200 1101 1309 1151 quod
1349 1111 1401 1141 ex
1449 1100 1536 1141 cod.
1580 1099 1754 1150 integris
1794 1100 1964 1152 petitum
1997 1101 2156 1153 Frigell
2198 1106 2244 1143 et
2269 1102 2444 1144 Dubner

287 1170 468 1215 tuentur,
488 1165 801 1219 praeferendum
819 1169 901 1216 est3
927 1177 1022 1207 nam
1040 1165 1198 1207 Caesar
1216 1166 1401 1207 omnibus
1419 1165 1507 1207 fere
1525 1165 1628 1206 locis
1645 1165 1717 1206 illo
1737 1166 1952 1219 composito
1970 1167 2117 1217 ufitur3
2137 1167 2270 1209 seuuel·
2281 1171 2444 1217 tantum

284 1232 364 1273 hac
390 1232 597 1273 sententia
622 1231 794 1281 simplex
818 1233 987 1273 verbum
1011 1231 1165 1282 legitur
1182 1231 1284 1274 VH.
1313 1235 1379 1274 84.
1408 1236 1448 1273 4.
1468 1254 1523 1262 -
1540 1232 1577 1273 I.
1599 1236 1663 1274 53.
1687 1235 1722 1273 1.
1751 1237 2074 1284 pervenerunt
2099 1232 2396 1286 (pervenerat
2412 1242 2440 1277 a

284 1297 551 1351 pervenirent
581 1296 636 1351 h),
674 1308 779 1349 quae
806 1297 929 1340 lectio
966 1297 1054 1341 cod.
1083 1297 1422 1352 interpolatorum
1458 1296 1547 1340 fere
1574 1296 1760 1340 omnibus
1796 1298 1967 1351 probata
1999 1298 2182 1342 Holdero
2215 1298 2439 1354 displicuit,

285 1363 352 1414 qui
383 1363 471 1404 cod.
499 1363 684 1414 integros
711 1366 877 1404 secutus
905 1362 1221 1416 „pervenerint“
1249 1363 1431 1416 scripsit;
1451 1363 1524 1403 sed
1543 1374 1634 1403 cum
1653 1363 1747 1404 huic
1766 1363 1853 1404 loco
1882 1364 1944 1404 vis
1958 1363 2104 1412 finalis,
2132 1367 2181 1405 ut
2205 1364 2268 1405 ita
2293 1362 2440 1412 dicam,

285 1429 406 1477 desit,
447 1429 695 1478 indicativus
737 1440 853 1469 suum
893 1429 1027 1469 locum
1068 1432 1186 1470 tenet
1225 1433 1275 1470 ut
1303 1429 1404 1469 VH.
1451 1433 1514 1469 25.
1558 1433 1597 1469 4.
1627 1428 1730 1470 VII.
1772 1433 1838 1471 47.
1883 1434 1917 1470 3.
1973 1429 2038 1470 Of.
2065 1428 2286 1471 Hoffmann
2326 1430 2441 1471 Kon-

285 1494 494 1536 struktion
521 1494 595 1535 der
622 1494 695 1535 lat.
716 1493 1022 1547 Zeitpartikeln
1053 1505 1094 1547 p.
1126 1497 1217 1536 175.
1256 1516 1311 1524 -
1346 1494 1384 1554 Ι.
1417 1497 1481 1536 53.
1518 1498 1554 1535 6.
1584 1493 1740 1535 Mirum
1767 1497 1843 1542 est,
1872 1494 1976 1545 quod
1996 1492 2158 1545 ‘Ffigell
2194 1497 2241 1537 et
2265 1494 2441 1537 Dtbner

287 1558 731 1612 plusquamperfectum
778 1559 1006 1608 ,‚viderat“,
1063 1570 1145 1600 non
1189 1558 1472 1612 imperfectum
1516 1559 1781 1607 „videbat“,
1834 1559 1938 1610 quod
1982 1562 2045 1599 est
2088 1559 2439 1614 interpolatorum,

283 1629 544 1678 receperunt3
586 1625 689 1666 illud
730 1628 891 1677 tempus
917 1635 1086 1677 prorsus
1112 1625 1295 1678 ineptum
1336 1629 1412 1673 est,
1446 1629 1491 1666 et
1527 1626 1700 1666 Dubner
1740 1625 1827 1678 ipse
1854 1626 1896 1665 in
1919 1625 2128 1666 Addendis
2153 1627 2439 1680 inperfectus

282 1690 596 1743 praeferendum
622 1702 713 1731 esse
741 1694 893 1732 censet.
950 1689 1015 1732 Of.
1036 1690 1184 1731 Heller
1201 1691 1309 1732 Phil.
1330 1691 1460 1732 XIX.
1481 1703 1521 1743 p.
1541 1694 1635 1732 477.
1655 1691 1835 1731 ΧΧΧΙ.
1855 1703 1893 1743 p.
1925 1695 2014 1732 322.
2042 1715 2092 1721 --
2122 1690 2181 1732 11.
2210 1695 2250 1732 4.
2278 1696 2318 1733 6.
2347 1692 2437 1733 cod.

282 1756 522 1809 interpolati
547 1757 718 1797 habent:
757 1755 1044 1797 Suessiones
1077 1767 1188 1797 suos
1221 1768 1327 1797 esse
1355 1757 1611 1805 finitimos;
1640 1756 1768 1797 fines
1795 1757 2056 1797 latissimos
2084 1756 2439 1798 feracissimos·

282 1834 373 1871 que
400 1833 546 1872 agros
573 1822 840 1875 possidere,
876 1822 964 1863 cod.
992 1822 1145 1872 integri
1178 1822 1332 1870 ‚,fines“
1366 1822 1572 1864 omittunt.
1629 1821 1865 1870 Schneider,
1898 1822 2066 1869 Holder,
2099 1822 2312 1864 Prammer
2343 1822 2439 1865 illos

283 1886 446 1929 codices
485 1890 600 1930 recte
634 1886 766 1930 secuti
807 1890 914 1937 sunt,
944 1886 1121 1937 Whitte,
1164 1887 1233 1939 qui
1273 1887 1316 1930 in
1356 1887 1489 1942 prima
1529 1887 1707 1930 editione
1745 1899 1885 1930 vocem
1913 1886 2066 1937 „fines“
2107 1886 2237 1929 tuitus
2277 1890 2354 1938 est,
2397 1887 2441 1931 in

286 1953 464 1994 editione
505 1954 633 1994 tertia
673 1953 788 1994 uncis
828 1954 1006 1994 inclusit.
1077 1954 1141 1994 At
1181 1964 1273 1994 cum
1314 1954 1388 1995 illa
1429 1965 1511 1995 vox
1551 1955 1647 1995 huic
1687 1955 1775 1994 loco
1817 1955 1873 1994 sit
1911 1953 2118 2005 aptissima
2157 1954 2210 1994 cf.
2252 1954 2289 1994 1.
2333 1958 2372 1995 2.
2402 1959 2440 1996 5.

281 2022 480 2069 angustos
507 2018 609 2060 fines
627 2018 754 2061 VIII.
784 2023 822 2061 2.
853 2023 890 2061 2.
919 2019 1028 2060 latos
1055 2018 1168 2067 fines,
1197 2022 1242 2060 et
1268 2031 1359 2061 cum
1387 2022 1482 2072 post
1509 2019 1751 2068 ‚,finitimos“
1779 2018 1902 2061 facile
1928 2017 2112 2061 excidere
2139 2018 2332 2071 potuerit,
2361 2019 2438 2062 n‘ee

280 2084 495 2127 collocatio
513 2084 808 2139 adjectivorum
826 2096 853 2127 a
871 2083 1063 2127 Caesaris
1081 2096 1193 2128 more
1211 2085 1434 2128 abhorreat
1452 2085 1505 2128 cf.
1524 2086 1584 2129 Π.
1606 2088 1671 2128 24.
1696 2089 1736 2128 1:
1762 2084 1919 2138 equites
1945 2083 2073 2127 nostri
2098 2083 2281 2137 levisque
2308 2095 2441 2128 arna-

281 2154 402 2191 turae
419 2151 581 2203 pedites
599 2152 638 2192 b.
658 2162 693 2192 c.
713 2151 799 2193 111.
821 2154 884 2193 34.
912 2155 953 2192 2.
982 2162 1075 2192 cum
1102 2151 1337 2193 cohortibus
1356 2151 1397 2192 V
1414 2151 1635 2203 paucisque
1663 2152 1878 2202 equitibus,
1897 2151 2030 2191 nescio
2057 2161 2130 2191 cur
2154 2150 2271 2191 illan
2296 2161 2440 2193 vocam

280 2216 572 2267 interpolatam
598 2227 690 2258 esse
716 2216 932 2267 putemus?
960 2217 1025 2257 At
1050 2216 1104 2259 cf.
1124 2217 1241 2267 Fn’g.
1269 2219 1330 2259 Π.
1361 2222 1397 2258 2.
1427 2229 1467 2268 p.
1495 2220 1560 2258 28.
1580 2240 1635 2248 —-
1652 2219 1714 2258 H.
1743 2221 1782 2258 4.
1813 2222 1850 2258 7.
1879 2216 1964 2257 cod.
1983 2216 2189 2266 interpol.:
2216 2227 2441 2258 summam

281 2281 457 2335 (summa
483 2282 526 2335 e)
568 2282 724 2324 totius
749 2282 886 2331 belli,
930 2282 1018 2326 cod.
1051 2282 1221 2334 integri:
1266 2294 1405 2334 „suam
1446 2282 1591 2324 totius·
1615 2281 1715 2324 belli
1753 2283 1983 2330 summam“,
2025 2279 2131 2331 quod
2170 2280 2438 2333 Nipperdeio,

283 2347 544 2396 Schneidero,
572 2348 838 2396 Hoffmanno,
860 2347 1074 2398 Frigellio,
1108 2349 1306 2390 Ddbnero
1333 2341 1503 2399 placuit.
1561 2348 1716 2390 Melius
1757 2347 1885 2390 ceteri
1912 2347 2054 2394 critici,
2095 2347 2138 2387 iu
2178 2346 2232 2388 iis
2264 2345 2439 2396 Whi'tte,

279 2424 520 2465 quamquam
548 2413 591 2455 in
618 2412 796 2455 editione
823 2412 955 2465 prima
975 2424 1194 2464 „summam
1222 2413 1350 2456 totius
1377 2413 1476 2471 belli
1503 2416 1684 2456 summa“
1715 2412 1898 2462 coniecit,
1926 2411 2168 2464 scripturam
2195 2411 2285 2455 cod.
2313 2411 2442 2455 inter·

278 2480 509 2530 polatorum
543 2480 720 2530 amplexi
753 2484 867 2529 sunt3
919 2491 1014 2521 nam
1060 2491 1220 2532 semper
1267 2493 1348 2522 vox
1389 2483 1607 2531 „summa“‚
1650 2480 1686 2521 si
1733 2492 1824 2521 cum
1864 2478 2063 2530 genetivis
2117 2477 2326 2528 „imperii“
2370 2480 2441 2521 vel

283 2545 431 2594 „belli“
458 2545 674 2587 coniuncta
700 2546 866 2596 legitur,
895 2546 959 2587 his
986 2546 1199 2597 praecedit
1231 2546 1284 2589 cf.
1312 2547 1374 2587 ΙΙ.
1403 2549 1468 2588 23.
1497 2548 1538 2588 4.
1594 2547 1678 2588 [Π.
1712 2550 1775 2587 17.
1805 2550 1847 2594 2;
1876 2548 1919 2586 et
1944 2543 2065 2585 facile
2091 2542 2189 2585 fieri
2208 2543 2359 2595 potuit.
2391 2550 2442 2587 ut

280 2609 486 2659 librarius,
514 2614 728 2662 postquam
755 2610 863 2652 falso
890 2613 1052 2662 „suam“
1074 2622 1149 2662 pro
1180 2615 1424 2666 „summam“
1455 2611 1632 2663 scripsit,
1661 2612 1767 2652 hanc
1796 2621 1935 2652 vocem
1951 2605 2094 2660 postea
2120 2608 2356 2660 inseruerit,
2385 2610 2440 2653 cf.

281 2674 459 2727 Madvig
499 2676 677 2718 Advers.
721 2677 781 2718 Π.
824 2688 863 2728 p.
908 2680 1000 2725 250,
1043 2677 1176 2726 Koch,
1219 2676 1420 2719 Ztschrft.
1463 2677 1492 2719 f.
1536 2675 1865 2729 Gymn.·Wesen
1914 2674 2014 2716 XV.
2054 2685 2094 2726 p.
2138 2677 2231 2723 599,
2292 2675 2444 2719 Helles·

278 2741 428 2783 PhiloL
462 2742 592 2783 XIX:
622 2754 661 2792 p.
690 2746 784 2784 473.
815 2765 860 2772 —
896 2744 956 2784 II.
988 2746 1025 2783 5.
1056 2747 1093 2784 5.
1122 2747 1415 2784 commeatus
1444 2775 1453 2785 .
1484 2775 1494 2784 .
1524 2747 1577 2783 ut
1609 2743 1713 2784 sine
1746 2741 1960 2792 periculo
2001 2740 2061 2781 ad
2102 2751 2208 2782 eum
2248 2744 2443 2792 portari

280 2809 479 2856 possent
496 2806 717 2848 secundum
736 2807 823 2849 cod.
843 2807 1112 2861 interpolatos
1131 2818 1270 2849 omnes
1286 2811 1454 2859 praeter
1472 2807 1766 2859 Nipperdeium
1784 2810 1828 2848 et
1846 2804 2066 2846 Whittium
2083 2804 2353 2858 scripserunt,
2371 2807 2443 2860 qui

282 2873 470 2922 „posset“
485 2871 650 2914 habent.
680 2872 763 2914 Sed
777 2884 1019 2923 quamquam
1031 2872 1419 2924 hac-significatione
1431 2884 1630 2924 persaepe
1643 2883 1832 2913 numerus
1846 2869 2078 2921 singularis,
2090 2870 2267 2922 plui-aliu
2278 2871 2444 2915 tatium

278 2936 364 2977 III.
394 2939 430 2977 3.
462 2939 499 2977 2.
528 2942 573 2978 et
590 2938 675 2979 III.
696 2942 761 2979 23.
782 2942 819 2979 6.
839 2938 1059 2986 invenitur,
1078 2941 1217 2979 tamen
1234 2938 1495 2988 nosti-eloco,
1515 2939 1622 2989 quod
1645 2950 1726 2979 non
1753 2937 1803 2978 de
1830 2947 1921 2984 uno,
1949 2934 2023 2977 sed
2039 2935 2228 2986 pluribus
2245 2949 2442 2981 eune*

278 3000 390 3043 tibus
417 3000 567 3053 agitur,
595 3002 767 3054 pluralis
799 3003 950 3055 optime
977 3013 1068 3045 sese
1095 3002 1236 3054 haben
1266 3002 1319 3045 cf.
1352 3001 1475 3046 VIII.
1503 3006 1568 3045 30.
1601 3007 1637 3046 1.
1669 3002 1788 3044 VIII.
1816 3003 1882 3043 47.
1913 3004 1955 3051 2;
1997 3011 2074 3042 nec
2101 3001 2212 3054 quod
2238 3003 2276 3045 Ι.
2303 3005 2372 3047 48.
2401 3008 2440 3047 2.

281 3066 509 3118 „frumento
551 3071 868 3120 commeatuque,
911 3069 980 3120 qui
1020 3080 1072 3111 ex
1103 3068 1302 3120 Sequanis
1335 3072 1379 3110 et
1406 3068 1565 3112 Aeduis
1597 3069 1930 3121 supportaretur⁴⁴
1965 3066 2131 3119 legitur,
2172 3079 2352 3119 moveor,
2394 3073 2443 3113 ut

2221 3144 2245 3180 5
