2743 3436
1308 155 1395 210 '19

292 290 386 322 men
415 260 573 321 omnino
598 278 689 320 tolli
707 278 850 327 voluit,
879 278 1009 320 ceteri
1026 278 1271 329 scripturam
1289 254 1627 329 interpolatosum
1644 263 1836 330 amplexi
1835 283 1953 322 ..sant
2009 280 2158 332 Neque
2174 278 2338 328 iniuria.
2357 281 2454 321 nam

292 345 413 386 salva
428 344 726 395 perspicuitate
742 344 891 395 priore
906 344 997 385 loco
1013 344 1236 394 pronomen
1259 343 1395 384 omitti
1421 343 1576 393 nequit,
1606 355 1747 385 verum
1765 345 1897 386 altero
1915 355 2083 396 prorsus
2101 348 2454 397 supa-vacaneum

292 398 485 459 videtur,
502 409 564 453 cf.
575 408 734 452 Helier
759 409 868 452 Phil.
896 409 1029 451 XIX.
1057 420 1097 460 p.
1126 411 1220 450 478.
1250 408 1429 450 XXXI.
1465 412 1544 450 325
1580 420 1638 460 ⁸⁴1·
1667 433 1722 439 —-
1748 411 1808 452 Π.
1839 415 1903 453 30.
1930 414 1970 452 4.
2012 412 2194 454 turrim
2227 411 2278 453 in
2318 423 2453 453 muro

227 468 229 470 ’
293 487 400 517 sese
427 476 671 517 collocare
699 474 1009 521 confiderent
1035 474 1270 523 Schneider,
1285 473 1549 526 Nipperdey,
1568 474 1752 523 Dubner,
1771 475 2003 525 Hoffmann,
2022 477 2174 518 Dinter
2197 476 2287 530 (hic
2303 465 2468 519 addita

292 552 394 585 voce
421 542 611 595 „160880“)
636 541 859 584 secuudum
885 541 1179 592 interpolatos,
1198 539 1368 592 „turrim
1394 540 1438 582 in
1456 551 1601 583 nutes
1627 551 1718 583 sese
1746 541 1945 584 collocare
1971 542 2253 585 confidereut“
2281 543 2451 586 Wlitte

294 612 338 648 et
379 607 539 658 Frigell
580 608 801 647 secuudum
842 607 1038 657 integros,
1087 607 1259 654 „turrim
1304 609 1486 647 moturos
1529 616 1619 646 sese
1659 606 1932 648 confiderent“
1973 607 2043 661 (cf.
2087 607 2257 650 Kraner
2297 607 2451 651 Obser-

292 673 480 716 vationes
517 673 705 716 Misenae
751 675 856 715 1852
889 683 948 723 Ρ.
969 677 992 714 5
1030 676 1075 714 et
1111 673 1182 725 26)
1238 672 1405 713 Kraner
1441 676 1487 713 et
1517 672 1731 713 Prammer
1767 673 2027 723 scripserunt.
2082 675 2321 716 Lectionem
2347 676 2451 717 inte-

292 749 457 791 grorum
481 738 662 791 spuriam
688 749 779 780 esse
806 738 901 779 iude
920 742 1105 790 apparet,
1133 737 1241 789 quod
1257 737 1478 780 Gaesarem
1496 748 1627 789 neque
1645 748 1725 779 uno
1753 738 1829 780 hoc
1856 738 1942 780 loco
1962 738 2131 782 verbum
2148 740 2327 792 ponendi
2354 750 2448 784 cum

291 806 593 856 praepositione
621 806 714 851 ‚,in“
743 810 788 844 et
815 805 1051 845 accusativo
1071 805 1338 852 coniunxisse,
1366 815 1499 854 neque
1524 805 1569 843 iu
1595 807 1714 843 tanta
1742 815 1816 843 sua
1838 805 2140 854 perspicuitatis
2166 806 2303 848 studio
2330 818 2449 857 prae-

292 870 531 922 positionem
551 869 644 918 „in“
664 882 738 921 pro
760 870 1009 922 „adversus“
1029 869 1288 912 substituisse
1305 869 1532 921 putandum
1551 872 1629 917 est,
1649 869 1756 919 quod
1773 869 1937 920 iusuper
1953 870 2133 920 ineptum
2151 872 2250 913 mihi
2269 873 2447 922 videtur,

292 948 384 978 cum
411 936 535 977 etiam
563 936 704 987 procul
724 935 949 977 constituta
975 936 1102 977 turris
1129 935 1329 987 adversus
1355 945 1493 985 muros
1521 934 1648 976 fuerit
1666 934 1866 978 collocata
1893 935 1944 978 cf.
1964 937 2200 981 Schneider.
2228 949 2324 981 ann.
2353 939 2447 982 crit.

291 1005 439 1056 Itaque
474 1002 809 1052 interpolatorum
847 1002 1092 1052 scripturam
1123 1005 1338 1052 praestare
1360 990 1607 1053 persuasum
1635 1001 1780 1050 habeo,
1816 1002 1888 1043 sed
1914 1003 2036 1045 aliter
2061 1009 2186 1055 atque
2214 1004 2450 1055 superiores

292 1069 421 1110 verba
447 1068 708 1118 interpretor.
766 1067 937 1109 Minime
967 1066 1073 1107 enim
1100 1066 1199 1108 mihi
1225 1066 1500 1117 persuaserim
1526 1065 1728 1107 barbaros
1753 1067 1847 1108 illos
1873 1072 1991 1109 tanta
2016 1069 2142 1111 fuisse
2178 1070 2370 1118 stultitia,
2400 1074 2450 1111 ut

291 1133 437 1175 turrim
454 1133 563 1174 tanti
580 1132 770 1185 ponderis
788 1132 831 1173 in
849 1132 963 1173 urbis
980 1143 1107 1181 muro,
1121 1132 1354 1184 qui'm‘agna
1372 1131 1592 1173 altitudine
1609 1130 1702 1181 fuit,
1723 1132 1963 1175 collocatum
1976 1133 2027 1176 iri
2044 1138 2251 1186 putarent.
2279 1133 2447 1186 optime

291 1210 389 1240 vero
417 1199 553 1240 Gallis
580 1199 697 1245 artiS,
740 1209 821 1248 qua
848 1197 1022 1237 Romani
1057 1198 1101 1237 in
1141 1197 1425 1248 oppugnandis
1457 1197 1616 1247 oppidis
1644 1198 1879 1246 utebantur,
1918 1199 2113 1249 imperitis
2139 1208 2282 1251 agger,
2325 1211 2446 1251 quem

291 1264 466 1305 Romani
494 1266 796 1311 exstruxerant,
840 1267 1034 1312 tauquam
1061 1274 1201 1303 murus
1228 1273 1428 1313 apparere
1460 1265 1637 1313 poterat,
1680 1267 1725 1303 et
1752 1274 1842 1304 cum
1884 1265 1986 1305 colle
2017 1266 2188 1307 adverso
2217 1276 2349 1317 agger
2376 1266 2446 1308 vel

290 1341 430 1371 murus
457 1331 510 1370 ab
538 1333 723 1370 extrema
755 1332 875 1378 parte
909 1328 1012 1368 satis
1042 1339 1194 1378 magua
1222 1332 1332 1369 esset
1358 1327 1587 1376 altitudine,
1630 1329 1840 1369 habebant
1866 1328 1990 1378 Galli,
2029 1342 2100 1371 cur
2127 1332 2443 1380 admirarentur,

291 1396 486 1445 quomodo
528 1394 702 1436 Romani
742 1394 887 1434 turrim
924 1393 968 1434 in
994 1393 1071 1434 hoc
1113 1404 1268 1444 aggere
1309 1393 1376 1434 vel
1412 1405 1527 1435 muro
1571 1394 1811 1435 collocaturi
1847 1399 1984 1436 essent
2018 1396 2068 1437 cf.
2098 1397 2282 1445 Riistow,
2312 1397 2446 1439 Heer-

291 1472 428 1503 wesen
477 1472 517 1503 u.
561 1459 899 1511 Kriegsfuhrung
934 1458 982 1502 G.
1019 1460 1063 1502 J.
1101 1459 1255 1501 Oasars
1297 1471 1337 1510 p.
1379 1462 1475 1501 145:
1530 1459 1765 1509 Bisweilen,
1823 1461 1923 1502 aber
1971 1473 2047 1503 nur
2100 1462 2446 1505 ausnahmsweise

290 1527 460 1568 wurden
487 1527 554 1568 die
573 1527 725 1568 Tiirme
752 1525 829 1567 auf
852 1525 932 1566 deu
950 1525 1370 1576 Belageruugsdamm
1389 1527 1562 1576 gesetzt.
1620 1525 1722 1566 Dies
1741 1525 1901 1567 scheiut
1918 1527 2016 1568 aber
2033 1538 2110 1568 nur
2137 1528 2191 1570 da
2209 1528 2443 1579 geschehen

291 1604 342 1634 zu
370 1593 469 1641 sein,
499 1604 563 1634 wo
591 1603 697 1642 man,
725 1604 794 1633 um
822 1592 910 1633 sich
940 1592 1014 1633 der
1038 1591 1162 1634 Stadt
1189 1604 1241 1633 zu
1267 1591 1436 1640 nahern,
1464 1590 1541 1632 auf
1565 1591 1680 1632 einer
1707 1591 1999 1643 ansteigenden
2026 1593 2180 1634 Flache
2205 1594 2324 1636 hatte
2351 1606 2444 1636 vor-

290 1659 423 1710 gehen
450 1659 541 1701 und:
562 1659 670 1700 danu
698 1659 777 1700 den
805 1659 954 1700 Damm
982 1658 1231 1710 wenigsteus
1268 1669 1322 1698 an
1350 1657 1501 1698 seinem
1529 1657 1880 1708 Anfaugspunkte
1907 1659 1996 1700 eine
2023 1659 2115 1700 sehr
2142 1660 2442 1701 betrachtliche

289 1725 411 1765 Hohe
438 1725 570 1775 geben
606 1723 771 1765 mussen
800 1756 809 1765 .
841 1756 850 1766 .
882 1738 907 1764 .·
949 1724 1004 1766 So
1041 1723 1132 1765 war
1159 1734 1204 1765 es
1246 1736 1281 1764 z.
1310 1723 1360 1763 B.
1398 1734 1474 1764 vor
1516 1722 1607 1764 dem
1649 1722 1784 1764 festen
1810 1724 1958 1765 Platze
1997 1724 2069 1765 der
2096 1725 2357 1767 Aduatuker.
2387 1748 2443 1755 —

290 1790 350 1830 H.
382 1793 444 1831 34.
473 1790 522 1830 iu
560 1789 794 1830 dicionem
831 1792 1221 1840 potestatemque
1258 1788 1424 1839 populi
1459 1788 1658 1836 romani,
1695 1800 1799 1838 quae
1826 1789 1869 1829 in
1895 1789 2150 1840 interpolatis
2176 1789 2373 1840 leguntur
2399 1794 2445 1832 et

290 1855 493 1903 Kranero,
533 1854 718 1903 Dintero,
753 1855 990 1896 Prammero
1027 1855 1265 1905 probantur,
1312 1857 1532 1904 propterea
1582 1854 1679 1894 mihi
1720 1854 1897 1904 placent,
1941 1855 2044 1904 quod
2084 1855 2308 1907 genetivus,
2351 1867 2444 1896 cum

289 1919 452 1960 nomina
496 1920 701 1980 particula
748 1924 878 1972 „que“
926 1919 1143 1961 coniuncta
1189 1922 1281 1961 arte
1328 1919 1587 1967 cohaereant,
1634 1919 1690 1960 ad
1734 1922 1949 1970 utrumque
1993 1919 2228 1961 referendus
2275 1920 2442 1962 videtur

290 1984 342 2027 cf.
371 1985 448 2027 IV.
480 1990 517 2028 3.
546 1988 586 2028 4.
642 1985 744 2028 VH.
783 1990 849 2028 43.
878 1990 918 2028 4.
946 1987 986 2028 b.
1016 1997 1050 2028 c.
1080 1987 1115 2027 Ι.
1145 1989 1211 2028 42.
1241 1990 1280 2028 2.
1336 1987 1485 2036 Itaque
1513 1985 1759 2035 scripturam
1797 1986 2101 2034 ,‚deditionem“,
2139 1986 2245 2036 qnod
2282 1986 2441 2037 integri

289 2051 493 2099 exhibent,
522 2052 826 2102 improbandam
853 2063 944 2093 esse
972 2063 1129 2093 censeo.
1159 2073 1214 2082 ——

485 2116 550 2158 At
574 2121 866 2168 neangustum
890 2117 1079 2168 spatium,
1108 2116 1214 2168 quod
1242 2116 1340 2158 mihi
1357 2116 1422 2157 ad
1440 2116 1719 2157 disserendum
1737 2116 1983 2166 conceditur,
2003 2120 2220 2165 transeam,
2240 2116 2444 2158 lectiones

289 2182 470 2224 codicum
496 2183 846 2234 interpolatorum,
863 2193 979 2234 *quas
1004 2195 1128 2225 veras
1155 2194 1246 2224 esse
1271 2186 1382 2234 puto,
1421 2182 1464 2223 in
1492 2182 1609 2224 brevi
1638 2186 1858 2233 conspectu
1884 2194 2038 2233 ponam,
2066 2182 2128 2222 ita
2154 2186 2202 2223 ut
2228 2182 2294 2222 his
2327 2182 2442 2224 adul·

287 2249 444 2289 tex-inas
470 2249 666 2290 lectiones
694 2249 875 2290 codicum
901 2249 1154 2299 integ-rorum
1181 2249 1343 2289 addam.

483 2315 567 2355 111.
601 2319 635 2355 1.
657 2318 695 2355 6.
724 2315 800 2355 hic
828 2313 942 2367 esui>
971 2314 1083 2366 (hinc
1113 2314 1188 2366 bo)
1216 2347 1225 2355 .
1258 2346 1268 2355 .
1297 2313 1497 2354 flumine
1535 2313 1842 2354 divideretur
1870 2313 1987 2353 Schn.
2017 2313 2097 2362 Np.
2128 2313 2227 2353 Wh.
2258 2313 2338 2353 Kr.
2367 2313 2440 2354 Fr.

287 2378 369 2420 Db.
402 2378 488 2421 Hff.
522 2379 623 2421 Hld.
651 2378 741 2434 Pr.]
768 2380 864 2421 hinc
890 2412 899 2422 .
922 2378 938 2421 Ἰ.’
965 2379 1114 2422 fiumen
1141 2378 1394 2421 divideretur
1421 2377 1626 2432 (ΑΙΒΒ);
1655 2379 1762 2420 hunc
1788 2411 1797 2420 .
1825 2411 1835 2420 .
1870 2378 2014 2420 flumen
2041 2376 2245 2419 divideret
2271 2377 2355 2420 Dn.
2385 2402 2441 2409 —

287 2445 373 2486 III.-
401 2450 439 2486 9.
470 2448 507 2485 9.
536 2445 737 2495 primum
765 2444 1220 2495 bellum-gesturum
1238 2445 1320 2485 Dn.
1341 2444 1441 2484 Hld.
1461 2444 1531 2484 Pr.
1553 2443 1605 2485 cf.
1635 2444 1931 2494 Ditteuberger
1957 2443 2131 2483 Hermes
2158 2444 2231 2483 ΠΙ
2264 2455 2304 2494 p.
2336 2442 2437 2498 375]

285 2510 458 2560 primum
492 2520 582 2552 esse
609 2511 761 2552 bellum
783 2508 1006 2561 'gesturum
1033 2510 1155 2551 Schn.
1184 2510 1267 2560 Np.
1296 2510 1396 2550 Wh.
1425 2509 1503 2550 Κι.
1533 2510 1604 2550 Fr.
1634 2510 1719 2551 Hff.
1749 2510 1828 2550 Db.
1858 2533 1909 2537 —-
1937 2510 2018 2548 ΠΙ.
2052 2512 2115 2548 17.
2145 2513 2182 2548 2.
2211 2509 2288 2548 his
2316 2509 2439 2550 Schn.

286 2574 369 2628 Np.
398 2575 498 2618 Wh.
541 2575 619 2619 Kr.
659 2573 759 2618 Hld.
797 2574 882 2618 Hff.
917 2575 998 2617 Dn.
1040 2573 1132 2631 Pr.]
1171 2574 1222 2616 iis
1263 2574 1334 2617 Fr.
1373 2574 1473 2624 Db.;
1508 2573 1561 2616 cf.
1596 2586 1631 2617 c.
1670 2577 1732 2617 17.
1768 2578 1805 2617 3.
1840 2573 1991 2616 Mirum
2025 2576 2091 2615 est
2117 2572 2362 2625 Frigellium
2397 2578 2445 2617 et

285 2640 525 2682 Debueram
543 2642 777 2692 saepissime
796 2642 1031 2692 pronomine
1050 2642 1149 2689 ‚,is“,
1169 2641 1277 2691 quod
1294 2641 1338 2680 ιιι
1354 2640 1530 2690 integris
1549 2640 1714 2690 legitur,
1743 2651 1824 2680 non
1841 2639 2072 2690 pronomine
2091 2639 2223 2687 ,‚hic“,
2250 2640 2359 2690 quod
2386 2650 2439 2681 ex

285 2705 543 2756 interpolatis
556 2711 786 2759 promptum
801 2708 930 2748 ceteri
943 2718 1081 2748 omnes
1095 2707 1229 2747 critici
1245 2707 1397 2756 optimo
1416 2706 1506 2746 iure
1521 2707 1897 2755 comprobaverunt,
1916 2704 2129 2753 recepisse.
2147 2728 2197 2733 -—
2215 2706 2384 2746 111..1s.
2402 2711 2442 2747 5.

286 2768 573 2814 est-certior
591 2771 756 2814 factus
771 2772 871 2814 Wh.
886 2772 957 2814 Fr.
973 2772 1063 2822 Pr.,
1053 2786 1062 2795 ·
1085 2769 1262 2821 „certior
1277 2770 1416 2813 factus
1435 2774 1525 2812 est“
1545 2771 1764 2812 secundum
1783 2769 1869 2811 cod.
1890 2769 1912 2811 b
1931 2768 2012 2819 Np.
2033 2767 2110 2810 Kr.
2132 2768 2214 2811 Db.
2236 2769 2321 2812 Hff.
2340 2769 2442 2826 Dn.]

287 2837 439 2877 certior
464 2836 605 2879 factus
627 2837 1032 2879 Schn.Hld.Cu1u
1061 2849 1159 2880 vero
1186 2838 1284 2891 talis
1312 2836 1466 2888 ellipsis
1494 2848 1691 2887 nusquam
1719 2836 1827 2886 apud
1845 2834 2063 2875 Caesarem
2081 2834 2332 2885 inveniatur,
2361 2847 2444 2878 non

285 2902 428 2950 habeo,
458 2905 566 2953 quod
593 2905 680 2946 cod.
701 2904 962 2954 interpolatis
980 2903 1173 2944 diffidam.
1194 2926 1247 2934 ——-
1266 2905 1351 2944 III.
1382 2907 1445 2943 20.
1466 2907 1504 2943 4.
1533 2901 1598 2956 hi]
1627 2903 1657 2942 ιι
1685 2902 1752 2943 BR
1781 2902 1848 2953 (iis
1875 2899 2005 2952 ΛΜΞ)
2031 2900 2443 2942 Fr.s01us.—111-.

288 2971 351 3009 26.
382 2971 418 3008 6.
447 2966 637 3020 recepit
668 2969 788 3011 Schn.
826 2969 1037 3010 Wh.K1·.
1071 2968 1142 3011 Fr.
1182 2969 1262 3010 Db.
1296 2969 1367 3009 Pr.
1401 2967 1482 3009 Dn.
1516 2968 1578 3009 ed.
1619 2965 1672 3022 I.]
1706 2966 1850 3017 recipit
1881 2964 1964 3016 Np.
1998 2964 2085 3007 Hff.
2119 2965 2220 3008 Hld.
2255 2966 2337 3008 Dn.
2373 2966 2437 3009 ed.

286 3035 345 3075 II.
375 3056 427 3063 -
456 3033 554 3075 ΙΠ.
572 3039 635 3076 29.
669 3041 708 3077 3
733 3036 948 3086 proxime
981 3035 1116 3088 adoni
1145 3034 1370 3087 (proximae
1397 3033 1437 3087 f)
1467 3034 1587 3075 Schn
1610 3034 1689 3083 Np.
1719 3032 1803 3073 Hff.
1837 3031 1935 3072 ΗΜ.
1964 3031 2035 3072 Pr.
2071 3032 2152 3073 Dn.
2188 3032 2243 3075 cf.
2277 3032 2443 3074 Schnei-
