2743 3436
1374 176 1398 212 6

302 307 355 314 —
383 284 436 325 V.
465 287 532 324 49.
564 286 600 324 5.
630 283 782 324 vallem
810 281 1018 337 magnam]
1048 282 1239 323 vallem.
1298 281 1350 322 V.
1382 284 1447 322 50.
1480 285 1515 321 3.
1546 278 1652 334 fieri]
1681 280 1901 323 efficere.
1954 283 2007 325 V.
2039 287 2104 326 54.
2137 289 2171 326 1.
2202 296 2292 326 cum
2320 284 2466 325 scriret

301 348 489 404 deficere]
509 361 611 391 cum
630 360 681 391 se
700 350 845 399 scire,
866 361 985 400 quae
1004 348 1203 396 fierent,
1226 378 1236 389 .
1258 380 1267 389 .
1290 380 1299 390 .
1321 347 1649 389 denuntiaret.
1698 346 1752 388 V.
1774 350 1838 388 56.
1860 352 1897 390 2.
1918 350 2137 406 coguntur]
2158 353 2463 393 consuerunt.

299 417 352 456 V.
385 420 448 457 56.
481 420 517 456 3.
538 415 801 456 iudicandum
821 413 957 468 curat]
986 414 1185 454 iudicat.
1234 413 1287 454 V.
1310 417 1372 454 56.
1396 416 1432 453 5.
1461 413 1543 452 iter
1570 411 1793 466 facturum]
1821 413 2014 456 iturum.
2063 416 2116 457 V.
2138 421 2201 458 57.
2232 421 2270 458 2.
2299 417 2464 457 circum-

243 508 251 513 -
298 479 440 534 mittit]
474 481 673 521 nuntios
699 480 867 521 mittit.
915 479 968 521 V.
1000 483 1063 520 58.
1093 482 1132 520 4.
1163 479 1372 529 qumquam
1400 476 1541 531 alium]
1570 476 1677 527 quis
1705 470 1849 526 quem.
1889 501 1945 525 ε-
1979 481 2243 531 Reliquorum
2271 483 2463 523 librorum

296 546 636 596 interpolationes
654 546 840 597 proferre
858 546 902 586 in
919 544 1155 596 praesentia
1173 543 1328 591 omitto,
1349 555 1440 584 cum
1459 542 1561 583 satis
1579 554 1631 583 ex
1660 542 1723 589 iis,
1758 554 1860 592 quas
1880 545 2014 593 attuli,
2035 552 2237 597 appareat
2254 547 2463 588 librarium

297 612 413 652 illum
432 623 484 653 ex
503 612 677 653 arbitrio
706 624 756 654 ac
774 611 942 653 libidine
962 611 1112 662 partim
1131 611 1261 652 verba
1290 614 1333 650 et
1351 608 1567 651 enuntiata
1585 612 1778 656 mutasse,
1798 609 1950 659 partim
1969 614 2164 655 nonnulla
2192 614 2243 655 de
2263 625 2334 654 suo
2354 613 2464 654 addi-

299 678 420 724 disse,
458 677 522 718 ita
553 682 603 718 ut
638 689 719 718 non
746 678 897 718 iniuria
925 676 1151 727 apographi
1187 676 1307 716 huius
1335 674 1578 725 exemplan's
1616 674 1776 714 codices
1803 674 2042 725 interpolati
2070 679 2337 719 nominentur.
2394 678 2462 719 Ab

296 743 415 783 initio
435 743 596 793 quidem
615 743 810 784 librarius
836 743 918 790 ille,
954 755 1006 783 ne
1035 743 1165 782 dicam
1185 742 1451 787 existimator,
1480 739 1664 780 mutandi
1697 739 1879 788 cupidini
1907 741 2072 782 videtur
2098 745 2333 784 moderatus
2362 755 2461 790 esse,
2527 778 2530 780 .

298 808 371 849 sed
400 820 478 859 quo
507 808 668 859 longius
696 809 740 849 in
768 807 1045 853 describendis
1073 807 1189 847 libris
1217 817 1458 857 progressus
1486 809 1561 852 est,
1591 816 1638 845 eo
1667 804 1858 845 licentius
1886 804 1975 855 egit
2002 810 2046 847 et
2082 819 2130 848 eo
2164 809 2296 850 minus
2337 810 2463 850 verba

300 874 515 924 scriptoris
542 874 634 924 ipsa
661 876 820 914 mutare
840 873 998 915 veritus
1027 876 1102 920 est,
1132 872 1175 912 id
1203 872 1310 922 quod
1337 871 1460 912 facile
1487 870 1717 921 intelleges,
1747 869 1784 909 si
1811 879 2023 911 numerum
2048 873 2329 923 mutationum,
2361 884 2462 925 quae

298 939 341 977 in
372 940 544 988 singulis
572 939 688 978 libris
716 939 991 984 inveniuntur,
1022 942 1065 977 et
1092 938 1292 976 rationem
1320 936 1595 985 interpolandi
1622 935 1864 984 respexeris,

497 1003 579 1044 Sed
607 1003 818 1053 utriusque
845 1003 1008 1055 generis
1037 1002 1197 1042 codices
1225 1002 1304 1042 etsi
1341 1002 1443 1041 satis
1480 1013 1668 1051 magnam
1696 999 2063 1042 dissimilitudinem
2099 1015 2200 1052 prae
2229 1016 2273 1044 se
2311 1005 2459 1052 ferunt,

300 1072 348 1110 ut
376 1069 509 1110 utrius
537 1069 701 1120 generis
734 1068 884 1119 singuli
912 1068 1007 1116 sint,
1043 1067 1165 1108 facile
1193 1070 1475 1118 cognoscatur,
1511 1070 1649 1107 tamen
1681 1077 1761 1106 non
1789 1065 1932 1106 eadem
1965 1067 2073 1108 ratio
2106 1067 2215 1109 inter
2244 1081 2313 1111 eos
2340 1070 2463 1111 inter-

300 1135 423 1182 cedit,
454 1139 497 1174 et
525 1134 611 1174 cod.
631 1134 883 1183 integrorum
912 1134 983 1173 alii
1003 1133 1134 1182 magis
1162 1144 1282 1182 quam
1310 1133 1382 1172 alii
1411 1144 1501 1172 cum
1529 1132 1789 1181 interpolatis
1818 1136 2059 1181 congruunt.
2117 1133 2258 1183 Atque
2287 1136 2462 1176 maxima

297 1200 406 1241 inter
426 1199 761 1241 cod.Vossianum
780 1199 804 1240 Ι
823 1203 867 1240 et
883 1200 1153 1249 interpolatos
1173 1199 1355 1239 cernitur
1374 1197 1605 1240 similitudo.
1632 1208 1736 1247 quae
1755 1197 1808 1237 ad
1827 1197 1985 1247 priores
2004 1198 2105 1238 duos
2124 1199 2250 1240 libros
2268 1201 2458 1251 pertinet.

296 1266 527 1313 Lectiones,
566 1277 668 1315 quae
705 1265 755 1305 iis
783 1277 1013 1306 communes
1050 1269 1157 1313 sunt,
1198 1265 1276 1305 hae
1304 1264 1631 1315 inveniuntur:*)
1680 1263 1715 1304 I.
1748 1267 1784 1304 5.
1817 1268 1852 1304 3.
1892 1264 2076 1318 praeter]
2120 1270 2460 1317 praeterquam

303 1355 357 1361 —
386 1333 420 1372 I.
449 1335 485 1371 5.
506 1335 542 1372 3.
571 1329 782 1384 mensium]
811 1342 1019 1371 mensum
1049 1354 1102 1359 —
1130 1330 1166 1370 I.
1200 1334 1261 1371 14.
1295 1335 1330 1371 3.
1361 1327 1627 1382 Allobroges]
1657 1328 1960 1378 Allobrogas
1988 1352 2042 1357 —-
2069 1329 2104 1369 Ι.
2130 1334 2191 1371 18.
2214 1336 2251 1372 3.
2281 1332 2457 1386 dicente]

300 1397 482 1437 licente
511 1419 561 1424 --
591 1396 686 1437 ibid.
717 1394 869 1450 dicere]
899 1395 1054 1455 liceri.
1085 1418 1139 1425 —
1172 1394 1207 1436 I.
1244 1399 1308 1436 33.
1340 1398 1376 1436 2.
1407 1392 1627 1448 deditione]
1658 1393 1846 1434 dicione
1875 1417 1928 1422 —
1957 1393 1992 1435 I.
2028 1397 2093 1436 38.
2133 1399 2166 1437 1.
2196 1397 2457 1452 processisse]

299 1463 570 1512 profecisse
597 1484 650 1490 —-
678 1462 712 1502 Ι.
746 1466 808 1503 38.
841 1467 877 1502 5.
908 1463 996 1512 eJus
1024 1460 1188 1514 montis]
1218 1461 1404 1501 montis.
1436 1482 1488 1488 -—
1516 1462 1553 1500 I.
1582 1464 1646 1500 39.
1682 1464 1716 1499 1.
1747 1458 1865 1513 Cum]
1895 1460 2015 1500 Dum
2049 1483 2104 1489 —
2138 1462 2172 1501 I.
2205 1466 2268 1502 39.
2300 1467 2336 1503 5.
2367 1464 2460 1512 qui-

300 1526 402 1579 que]
437 1530 484 1567 nt
516 1527 680 1575 quisque
724 1550 774 1556 -—
818 1528 854 1567 I.
891 1530 954 1567 39.
993 1531 1027 1565 7.
1068 1524 1377 1578 renuntiabant]
1412 1526 1664 1565 nuntiarant.
1708 1548 1762 1554 ——
1804 1525 1839 1564 I.
1874 1529 1940 1565 40.
1978 1529 2014 1565 5.
2054 1525 2189 1578 quam]
2233 1539 2363 1575 quae.
2406 1551 2460 1557 —

298 1591 334 1633 I.
364 1595 429 1633 40.
453 1595 488 1633 6.
517 1589 703 1645 inermes]
732 1591 951 1632 inermos.
982 1614 1035 1620 —
1064 1591 1099 1632 I.
1120 1593 1186 1632 40.
1210 1594 1245 1632 7.
1276 1590 1318 1631 in
1346 1590 1431 1631 suis
1460 1588 1639 1644 sedibus]
1669 1589 1716 1630 in
1744 1589 1857 1631 suis.
1888 1613 1941 1618 —
1969 1589 2004 1630 Ι.
2025 1592 2091 1631 40.
2116 1595 2151 1631 7.
2182 1590 2458 1646 superassent]

300 1657 589 1707 superarint.
626 1681 674 1686 —-
711 1658 747 1697 Ι.
782 1660 848 1698 40.
884 1664 921 1698 8.
957 1658 1051 1698 hos.
1084 1688 1093 1697 .
1124 1655 1392 1710 repperire]
1428 1657 1514 1697 hoc.
1548 1688 1557 1697 .
1588 1655 1799 1706 repperiri.
1836 1679 1889 1685 —
1922 1656 1958 1696 I.
1993 1659 2059 1697 40.
2094 1660 2155 1697 10.
2187 1657 2457 1712 simulatione]

299 1723 661 1765 simulationem.
691 1746 744 1753 —-
773 1723 870 1765 ibid.
899 1722 1107 1777 itinerum]
1142 1723 1355 1764 itineris.
1388 1747 1436 1752 —
1467 1722 1564 1763 ibid.
1600 1720 1816 1776 auderent]
1852 1722 2150 1763 viderentur.
2173 1747 2223 1752 ——
2244 1723 2279 1764 Ι.
2305 1727 2371 1765 40.
2396 1727 2457 1765 14.

298 1788 422 1843 esset]
451 1789 634 1831 fuisset.
655 1812 709 1818 —
728 1790 825 1830 ibid.
846 1790 938 1840 plus
957 1788 1133 1843 valeret]
1162 1789 1366 1830 valeret.
1388 1811 1441 1817 —
1460 1788 1495 1828 I.
1526 1791 1592 1828 41.
1624 1793 1660 1829 3.
1690 1788 1751 1828 uti
1779 1800 1853 1838 per
1882 1787 1965 1843 eos]
1995 1789 2079 1829 uti.
2110 1812 2164 1817 —
2192 1789 2287 1831 ibid.
2309 1801 2458 1840 neque

297 1854 512 1908 unquam]
541 1867 615 1896 nec
643 1868 831 1905 unquam.
862 1879 915 1885 —
944 1856 979 1896 Ι.
1001 1859 1066 1896 42.
1090 1860 1126 1896 6.
1159 1855 1419 1896 Caesarem
1447 1853 1629 1908 facere]
1660 1854 1880 1895 Caesarem
1910 1855 1948 1895 ei
1977 1855 2127 1895 facere.
2163 1878 2212 1883 —
2245 1855 2457 1905 ibid.polli-

299 1921 423 1961 citum
460 1919 562 1974 esse]
600 1921 883 1971 pollicitum.
938 1945 985 1950 -ο
1021 1921 1056 1962 Ι.
1095 1924 1161 1962 43.
1202 1925 1239 1961 2.
1270 1919 1509 1973 devexerat]
1548 1924 1763 1961 vexerat.
1807 1943 1858 1950 -
1902 1920 1937 1961 I.
1967 1923 2033 1962 43.
2065 1926 2101 1961 3.
2142 1920 2456 1975 adducerent]

298 1986 531 2026 adduceret.
579 2011 619 2016 --
660 1988 688 2028 I.
718 1989 784 2027 43.
816 1990 852 2027 5.
883 1985 1060 2040 quando]
1091 1998 1192 2027 cum
1232 2009 1281 2015 —-
1320 1986 1355 2027 I.
1387 1989 1452 2026 43.
1494 1992 1530 2026 9.
1561 1985 1720 2026 eadem
1750 1983 1938 2039 deinde]
1968 1986 2121 2027 eadem.
2157 2009 2211 2015 —
2247 1986 2283 2026 I.
2312 1989 2378 2027 44.
2417 1990 2456 2027 4.

299 2050 578 2106 dependet-int]
606 2052 941 2102 pependerint.
971 2076 1025 2080 —
1054 2052 1088 2093 1.
1118 2054 1184 2093 44.
1207 2055 1244 2094 6.
1274 2049 1520 2105 testimonio]
1550 2051 1890 2092 testimonium.
1915 2075 1961 2080 ——
1984 2052 2019 2092 I.
2040 2055 2106 2092 44.
2132 2055 2193 2092 11.
2223 2063 2296 2101 pro
2325 2050 2457 2105 hoste]

297 2117 446 2157 hoste.
464 2140 516 2147 —-
530 2118 564 2158 I.
585 2121 650 2158 46.
672 2123 710 2158 2.
730 2117 868 2172 fecit]
889 2118 1002 2158 facit.
1020 2140 1073 2147 -—
1089 2119 1124 2157 I.
1145 2121 1211 2158 46.
1233 2122 1270 2158 3.
1294 2118 1546 2157 commissum
1567 2129 1657 2157 cum
1677 2117 1863 2166 equitatu
1882 2116 2095 2171 proelium]
2116 2129 2215 2157 cum
2236 2118 2459 2166 equitatu

295 2182 536 2231 proelium.
564 2206 616 2213 —
635 2183 670 2224 I.
691 2187 757 2225 47.
778 2187 817 2224 4.
839 2183 885 2224 O.
907 2182 1095 2236 Valeri]
1116 2182 1337 2224 Convaleri
1371 2183 1456 2230 ΜΒ,
1484 2182 1530 2223 C.
1548 2182 1708 2223 Valerii
1732 2182 1764 2224 Α
1784 2182 1832 2234 (Β
1859 2182 1902 2222 in
1930 2194 2077 2223 rasura
2105 2183 2229 2223 trium
2247 2182 2458 2222 literarum

296 2246 374 2299 C.).
391 2270 442 2275 —
457 2247 492 2287 Ι.
511 2252 576 2290 49.
599 2253 634 2290 3.
656 2247 1012 2303 perterrerent]
1029 2252 1247 2289 terrerent.
1265 2272 1316 2277 —-
1336 2249 1373 2289 I.
1393 2251 1459 2289 49.
1482 2252 1518 2289 5.
1540 2248 1720 2298 reliquas
1738 2246 1937 2302 legiones]
1958 2249 2184 2299 reliquas.
2205 2270 2259 2276 —
2277 2248 2312 2287 I.
2335 2251 2398 2287 50.
2423 2252 2457 2288 1.

294 2312 568 2366 hostibusque]
597 2314 832 2355 hostibus.
860 2336 911 2343 —
932 2315 967 2354 Ι.
1000 2317 1064 2354 51.
1099 2319 1134 2354 1.
1162 2312 1381 2366 praesidio]
1410 2313 1718 2363 praesidium.
1739 2336 1793 2342 —-
1813 2315 1848 2354 I.
1879 2317 1943 2354 51.
1974 2318 2011 2354 2.
2041 2310 2323 2365 instituerunt]
2352 2324 2458 2351 con-

296 2378 575 2419 stituerunt.
598 2403 647 2409 —
668 2379 764 2419 ibid.
785 2378 1049 2433 paribusque]
1069 2379 1270 2430 paribus
1288 2402 1342 2408 —
1362 2379 1397 2419 Ι.
1420 2383 1484 2420 51.
1508 2384 1543 2419 3.
1564 2378 1868 2429 proficiscentes
1887 2377 2052 2433 milites]
2071 2378 2456 2429 proficiscentes.

294 2466 348 2472 —
377 2445 411 2485 I.
442 2447 504 2486 52.
540 2448 576 2486 5.
611 2444 875 2500 phalangam]
911 2446 1193 2496 phalangas.
1224 2468 1275 2475 -—-
1307 2447 1341 2486 I.
1378 2449 1442 2487 52.
1475 2450 1511 2486 7.
1540 2443 1668 2499 intra]
1697 2445 1840 2486 inter.
1872 2469 1921 2475 „-
1952 2446 2048 2487 ibid.
2080 2445 2245 2486 tertiam
2282 2442 2456 2496 partem]

294 2509 492 2549 tertiam
520 2511 679 2551 aciem.
709 2534 764 2540 —
791 2512 828 2552 I.
859 2515 923 2551 53.
958 2516 990 2551 1.
1021 2509 1373 2564 pervenerunt]
1402 2510 1676 2560 pervenerint.
1709 2534 1760 2539 —-
1790 2512 1824 2551 I.
1848 2514 1912 2551 53.
1932 2515 1971 2551 4.
1992 2508 2208 2563 eduxerat]
2237 2509 2455 2548 duxerat.

294 2598 345 2603 ——
390 2575 424 2614 I.
469 2579 530 2616 53.
575 2581 611 2617 5.
654 2577 829 2617 hostium
871 2575 1112 2630 equitatum]
1156 2576 1286 2617 hostis
1326 2576 1523 2625 equitatu.
1568 2600 1621 2606 —-
1664 2577 1699 2616 Ι.
1745 2580 1809 2617 53.
1846 2581 1881 2617 6.
1926 2575 2142 2630 videbat]
2186 2574 2359 2615 viderat.
2404 2597 2457 2603 —

293 2640 329 2680 I.
361 2643 423 2680 53.
462 2645 501 2697 7.
532 2644 606 2682 ter
640 2640 873 2697 sortibus]
909 2642 1153 2692 tergoribus.
1199 2664 1251 2671 —-—
1295 2642 1354 2682 II.
1392 2645 1428 2682 2.
1469 2646 1502 2682 1.
1539 2639 1721 2696 ineunte]
1755 2641 1870 2683 inita.
1915 2665 1968 2671 —
2010 2643 2070 2682 Π.
2101 2645 2138 2683 2.
2168 2644 2206 2682 4.
2237 2637 2456 2693 exercitus]

295 2706 572 2747 exercitum.
617 2731 670 2737 —
711 2709 771 2749 H.
816 2712 853 2749 2.
885 2713 921 2750 5.
953 2709 1188 2749 duodecimo
1223 2708 1288 2748 die
1316 2706 1659 2762 proficisceretur]
1702 2707 2120 2759 proficisceretur.
2165 2730 2215 2735 --
2260 2706 2318 2745 II.
2351 2709 2386 2745 3.
2421 2709 2454 2745 1.

296 2771 479 2811 civitatis
508 2772 619 2826 suae]
648 2774 887 2814 civitatis.
923 2797 977 2802 ——
1013 2775 1071 2813 II.
1102 2777 1140 2813 4.
1173 2778 1208 2813 6.
1245 2774 1370 2813 fines
1398 2772 1683 2827 latissimos]
1713 2774 1944 2814 latissimos.
1990 2797 2041 2803 —
2085 2775 2145 2813 II.
2175 2776 2214 2812 4.
2249 2776 2309 2810 10.
2341 2769 2456 2809 Con-

293 2835 480 2890 drusos]
519 2835 787 2880 CondruosoS.
830 2862 884 2868 —
918 2840 978 2880 II.
1020 2843 1056 2880 5.
1098 2843 1133 2880 5.
1184 2836 1398 2892 possent]
1440 2842 1590 2889 posset.
1635 2862 1686 2869 —
1730 2840 1789 2880 II.
1837 2843 1872 2881 7.
1920 2843 1954 2881 1.
1998 2836 2162 2892 isdem]
2206 2835 2372 2877 hisdem.
2403 2858 2454 2865 —

290 2902 389 2942 ibid.
420 2902 710 2957 Balearesque]
738 2905 986 2944 Baleares.
1034 2928 1083 2933 --
1128 2905 1187 2944 II.
1228 2908 1265 2944 8.
1306 2909 1342 2944 2.
1382 2903 1738 2944 sollicitationibus
1766 2903 2022 2958 exquirebat]
2057 2901 2449 2954 periclitabatur.

491 3054 519 3084 ⁴')
545 3053 621 3085 Quae
638 3056 717 3082 uncis
734 3056 913 3088 praecedunt.
931 3056 992 3082 eod.
1010 3056 1140 3082 Vossiani
1158 3056 1180 3082 1.
1198 3058 1226 3082 et
1243 3056 1475 3088 interpolatorum
1494 3058 1559 3081 sunt
1576 3056 1719 3082 lectiones.
