2743 3436
1348 168 1370 204 3

273 275 333 316 Et
366 275 552 325 quoniam
586 275 672 315 cod.
706 274 937 315 Parisinum
970 274 1018 314 II
1052 277 1096 315 et
1128 273 1391 314 Ursinianum
1423 272 1545 322 louge
1578 273 1748 322 optimos
1785 274 1847 314 sui
1879 274 2041 324 generis
2078 285 2169 316 esse
2205 285 2281 325 pro
2319 277 2435 315 certo

273 341 485 387 habemus,
529 341 571 380 in
614 341 874 380 consensione
916 340 1059 379 horum
1102 338 1284 378 codicum
1324 337 1507 394 inprimis
1548 337 1762 378 lectionem
1804 340 2140 389 interpolatorum
2187 339 2300 380 cerui
2342 339 2435 389 quis

274 412 339 446 est
379 406 447 455 qui
488 405 637 457 neget?
703 406 766 446 At
816 409 935 446 tanta
976 406 1120 446 horum
1164 404 1347 445 codicum
1388 403 1664 452 discrepantia
1717 404 1789 444 illa
1836 406 2018 454 quaestio
2067 406 2189 447 valde
2235 405 2434 456 impedita

275 476 350 519 est,
394 475 437 512 et
478 471 546 512 nbi
588 471 630 512 hi
663 470 920 519 dissentiunt,
955 469 1360 511 animadvertendum
1389 471 1464 516 est,
1508 470 1602 509 uter
1632 469 1813 518 pluribus
1841 470 1953 518 locis,
1997 471 2142 521 quibus
2171 482 2251 511 non
2284 470 2433 512 calami

275 537 415 586 lapsus
448 537 606 577 librarii
642 536 972 587 deprehenditur,
1007 536 1080 576 sed
1108 535 1237 575 verba
1265 535 1449 574 consulto
1484 537 1643 574 mutata
1677 538 1782 580 sunt,
1811 547 1901 576 cum
1929 537 2022 576 aliis
2050 536 2311 586 interpolatis
2339 546 2433 576 con-

277 603 440 649 sentiat,
471 607 514 642 et
541 614 645 652 quae
664 603 785 642 lectio
806 602 1070 651 complurium
1090 601 1272 640 codicum
1292 600 1472 639 eiusdem
1491 599 1654 648 generis
1673 602 1889 640 communis
1917 606 1992 648 est,
2022 614 2072 641 ea
2091 602 2431 651 interpolatorum

279 666 463 708 ducenda
490 671 564 708 est.
623 667 705 708 Sed
733 670 780 708 ut
808 669 962 707 certam
991 665 1188 706 lectiones
1206 665 1546 715 interpolatorum
1574 663 1794 715 indagandi
1813 665 2007 707 rationem
2037 678 2099 707 me
2129 670 2313 708 secutum
2341 678 2431 708 esse

275 737 486 781 appareat,
517 744 568 771 ex
595 732 798 782 prioribus
828 732 984 771 duobus
1011 731 1128 770 libris
1156 741 1225 770 eos
1253 730 1375 777 locos,
1406 729 1476 769 ubi
1505 729 1592 769 cod.
1622 729 1833 769 Parisinus
1860 731 1907 770 II
1936 735 1979 770 et
2006 731 2252 771 Ursinianus
2280 732 2431 772 dissen-

274 797 394 840 tiunt,
424 798 557 847 quoad
587 798 674 848 ejus
702 797 791 837 fieri
819 797 982 847 poterit,
1012 796 1180 836 afferam
1209 796 1406 844 simulque
1436 795 1523 835 cod.
1553 794 1803 844 integrorum
1831 796 2026 837 rationem
2054 798 2226 844 habebo,
2261 801 2309 838 ut
2336 802 2430 838 uter

273 862 411 911 codex,
432 861 644 903 Parisinus
663 862 710 903 II
739 874 792 903 an
812 861 1068 909 Ursinianus,
1090 860 1213 902 alteri
1232 860 1374 911 generi
1403 859 1458 901 sit
1477 859 1657 907 similior,
1687 859 1902 914 eluceat.*)
1957 862 1992 902 Ι.
2025 866 2086 903 11.
2119 866 2154 903 3.
2186 874 2224 912 p.
2255 874 2288 903 r.
2318 862 2362 915 (i.
2393 873 2428 904 e.

271 928 409 976 populi
443 928 615 979 romani)
658 928 776 968 abde
810 928 872 966 sui
900 926 938 979 f]
973 927 1051 965 nisi
1085 937 1120 978 q.
1162 949 1212 954 —
1256 928 1290 964 Ι.
1333 931 1392 965 12.
1430 929 1467 965 4.
1503 929 1645 974 partes
1679 926 1745 964 vel
1778 937 1904 975 pagos
1938 926 2033 980 abs]
2069 938 2220 976 pagos
2255 938 2310 980 en
2339 939 2430 967 cum

271 993 455 1042 integris.
493 1016 546 1021 —
584 994 618 1032 I.
658 997 719 1031 13.
758 997 792 1032 3.
829 992 943 1041 egit.
983 992 1032 1031 Si
1066 990 1138 1037 ac,
1170 991 1237 1042 **)
1275 991 1450 1030 fortasse
1478 990 1507 1038 f,
1548 991 1655 1039 quod
1692 1002 1742 1029 ex
1772 991 2003 1031 Schneideri
2041 993 2202 1032 silentio
2241 991 2428 1046 colligas]

272 1057 369 1108 egit.
398 1056 548 1108 Legati
585 1057 637 1097 ab
656 1056 874 1109 ¹Helvetiis
913 1056 966 1097 ad
995 1055 1214 1096 Gaesarem
1248 1055 1359 1096 missi
1396 1067 1538 1106 pacem
1571 1055 1757 1106 petitum.
1797 1067 1884 1097 cum
1912 1056 2215 1099 denuntiatione
2244 1057 2427 1100 terroris

272 1123 316 1163 si
358 1133 412 1174 eq
459 1134 549 1162 cum
582 1122 767 1171 integris.
812 1145 861 1150 —
907 1123 941 1161 Ι.
990 1125 1050 1161 14.
1092 1126 1126 1161 3.
1173 1120 1307 1171 Quod
1350 1122 1389 1160 si
1431 1121 1489 1163 ac
1523 1133 1613 1161 cum
1648 1121 1831 1175 reliquis]
1865 1120 1943 1173 Qui
1976 1124 2009 1162 si
2043 1134 2078 1175 ss·
2118 1146 2172 1152 —
2216 1122 2265 1164 Ι.’
2290 1129 2352 1165 17.
2391 1129 2427 1166 3.

271 1187 481 1237 praeferre
521 1186 619 1240 abs]
654 1187 878 1236 perferre
913 1186 986 1238 uc.
1022 1209 1074 1214 —
1109 1188 1143 1225 Ι.
1178 1191 1238 1225 17.
1271 1190 1305 1226 6.
1343 1191 1518 1235 quanto
1552 1188 1600 1226 id
1638 1199 1740 1226 cum
1784 1188 1997 1236 periculo
2041 1188 2146 1242 aec]
2190 1193 2343 1238 quanto
2385 1191 2428 1229 id

270 1252 450 1302 periculo
494 1262 529 1304 ss·
574 1275 627 1280 —
670 1253 704 1292 I.
751 1256 814 1293 21.
862 1256 895 1292 1.
941 1256 989 1292 et
1031 1251 1189 1301 qualis
1231 1249 1419 1304 aeGAH]
1464 1256 1507 1291 et
1549 1252 1690 1301 quales
1733 1252 1845 1303 qun.
1893 1276 1945 1281 —
1992 1254 2024 1293 Ι.
2069 1258 2131 1294 25.
2178 1258 2214 1294 6.
2259 1254 2430 1295 circum—

271 1327 420 1356 venere
463 1315 655 1369 aCABR]
699 1315 1051 1356 circumvenire
1085 1315 1193 1367 eum.
1239 1338 1292 1343 —
1334 1317 1368 1355 I.
1398 1320 1477 1359 27.
1521 1318 1559 1355 4.
1604 1316 1851 1356 deditionum
1893 1316 1932 1371 a]
1967 1317 2211 1358 dediciorum
2252 1316 2426 1371 fQGBR.

271 1405 320 1410 —
366 1383 400 1421 Ι.
433 1385 495 1421 30.
527 1387 564 1422 2.
599 1381 795 1420 tametsi
830 1380 951 1433 aMfl]
995 1381 1074 1419 iam
1117 1384 1160 1419 et
1202 1381 1236 1419 si
1270 1380 1449 1432 quBR.
1493 1403 1546 1409 —-
1580 1383 1614 1420 1.
1660 1385 1724 1421 31.
1772 1385 1833 1421 15.
1877 1383 1972 1421 sint
2004 1381 2142 1423 acan
2186 1382 2341 1423 fuerint
2383 1383 2425 1438 h]

271 1450 366 1487 sunt
407 1446 548 1498 euBR.
594 1470 626 1475 —
689 1447 722 1486 Ι.
770 1450 832 1486 37.
880 1451 914 1487 1.
959 1445 1187 1486 Treveris
1230 1443 1372 1498 affin]
1417 1446 1601 1486 Treviris
1644 1445 1821 1498 eucBR.
1866 1470 1917 1475 —
1959 1449 1991 1486 Ι.
2037 1451 2098 1488 39.
2145 1452 2180 1487 6.
2225 1449 2427 1498 magnitu-

270 1512 402 1552 dinem
449 1509 648 1565 amen]
696 1516 745 1552 et
799 1510 1175 1562 magnitudinem
1231 1509 1335 1563 eac.
1392 1535 1445 1541 —
1502 1512 1535 1551 I.
1584 1515 1650 1553 40.
1700 1516 1737 1553 3.
1795 1512 2042 1562 aequitate
2098 1513 2426 1555 conditionum

270 1576 465 1630 αΑΜΒΒ]
495 1577 704 1625 aequitate
733 1581 776 1615 et
804 1577 1033 1616 conditione
1079 1576 1276 1627 bodone.
1317 1600 1368 1605 —-
1406 1578 1440 1617 Ι.
1472 1581 1537 1617 40.
1571 1582 1605 1616 7.
1651 1578 1840 1617 eosdem
1882 1577 2075 1631 amen]
2104 1589 2320 1628 germanos
2353 1590 2423 1632 οη.

269 1665 322 1670 -
363 1643 397 1684 1.
441 1645 507 1683 40.
551 1646 588 1682 8.
633 1642 885 1692 repperire
929 1640 1036 1695 aec]
1079 1641 1278 1692 repperiri
1320 1641 1513 1694 αΑΜΒΒ.
1558 1665 1611 1670 -
1654 1644 1688 1683 Ι.
1733 1646 1797 1683 40.
1846 1647 1906 1683 10.
1949 1642 2150 1683 conferret
2190 1642 2425 1699 ananan]

269 1708 550 1747 conferrent
578 1706 668 1759 οἷς.
713 1731 766 1736 —-
809 1709 844 1747 I.
874 1711 939 1747 40.
974 1712 1035 1747 13.
1074 1711 1274 1756 perpetua
1302 1708 1413 1747 vitae
1442 1707 1642 1748 felicitate
1672 1707 1863 1761 aenan]
1897 1713 2127 1758 perpetuam
2158 1709 2268 1749 vitae
2297 1709 2426 1750 felici-

268 1776 394 1813 tatem
432 1771 522 1824 οἷς.
573 1795 626 1801 -
663 1773 698 1812 Ι.
738 1776 802 1813 40.
846 1777 907 1813 14.
947 1776 1428 1821 repraesentaturum
1467 1771 1622 1826 anan]
1662 1777 2057 1823 repraesentaturum
2095 1784 2183 1813 esse
2218 1773 2323 1826 ene.
2368 1798 2423 1804 —

267 1838 301 1878 Ι.
337 1841 401 1878 43.
439 1842 474 1878 3.
514 1841 561 1877 ut
598 1838 650 1877 ad
688 1835 920 1890 acumen]
968 1837 1020 1877 ad
1067 1847 1134 1889 eu.
1185 1860 1235 1866 —
1283 1837 1318 1877 Ι.
1357 1839 1421 1878 43.
1464 1842 1499 1878 6.
1545 1837 1710 1878 dicebat
1752 1838 1809 1880 ab
1847 1838 2007 1878 dicebat
2042 1838 2093 1878 al'
2131 1838 2339 1880 referebat
2380 1838 2421 1894 d]

266 1902 473 1941 referebat
514 1913 581 1954 en.
624 1925 677 1931 —
720 1904 754 1941 I.
798 1906 864 1942 44.
902 1906 937 1941 9.
973 1902 1105 1950 ipsos
1139 1900 1210 1954 ab]
1245 1902 1346 1950 ipsis
1380 1902 1644 1953 cucanea.
1694 1926 1743 1931 —
1795 1905 1828 1943 Ι.
1864 1907 1928 1943 45.
1966 1908 1999 1943 3.
2034 1903 2422 1951 antiquissimum

266 1965 494 2020 ahman]
532 1967 852 2016 antiquissimum
891 1978 979 2007 esse
1017 1966 1059 2006 iu
1088 1965 1228 2007 Gallia
1266 1966 1326 2017 (in
1354 1965 1536 2007 Galliam
1565 1966 1612 2019 c)
1648 1968 1860 2017 imperium
1894 1967 1993 2019 000.
2037 1991 2085 1996 —
2122 1969 2154 2007 Ι.
2191 1972 2257 2009 46.
2299 1973 2333 2010 1.
2364 1970 2424 2010 ad

266 2017 460 2070 nostros
487 2031 547 2073 ac
567 2043 656 2071 cum
676 2030 864 2084 integris]
886 2035 1046 2070 nostros
1067 2030 1217 2082 bdefu.
1248 2053 1301 2059 —-
1328 2032 1363 2070 I.
1383 2035 1448 2071 46.
1470 2035 1508 2071 4.
1535 2032 1741 2072 militum
1769 2033 1855 2073 abe
1874 2043 1962 2072 cum
1980 2031 2163 2085 integris]
2184 2033 2363 2081 equitum
2383 2045 2421 2086 n.

265 2120 313 2125 -
359 2096 394 2136 I.
433 2100 497 2137 47.
540 2102 575 2137 6.
613 2097 740 2146 apud
775 2109 823 2136 se
856 2097 903 2136 in
939 2096 1118 2136 castris
1152 2095 1388 2149 ananan]
1417 2097 1459 2136 in
1488 2098 1636 2137 castris
1670 2098 1800 2150 bulen.
1850 2120 1902 2126 -
1948 2098 1982 2137 Ι.
2016 2101 2080 2137 49.
2112 2102 2148 2137 3.
2178 2098 2422 2138 munitiones

265 2160 336 2216 ab]
375 2161 637 2203 munitione
673 2160 777 2214 cuc.
822 2186 872 2191 -
916 2163 950 2203 I.
992 2165 1055 2203 50.
1100 2165 1136 2203 2.
1174 2166 1482 2212 oppugnaret
1519 2173 1545 2204 a
1581 2176 1672 2204 cum
1700 2161 1886 2216 integris]
1924 2166 2203 2213 oppugnarent
2237 2163 2336 2216 beu.
2367 2188 2422 2195 —

263 2226 297 2266 Ι.
330 2230 392 2266 51.
424 2231 460 2266 2.
491 2227 857 2267 constituerunt
890 2227 947 2267 ab
977 2238 1066 2266 cum
1093 2225 1282 2280 integris]
1312 2227 1581 2267 instituerunt
1613 2228 1716 2280 auc.
1753 2251 1799 2256 -
1837 2228 1894 2268 H.
1929 2233 1961 2268 1.
1995 2232 2028 2267 1.
2059 2238 2203 2276 supra
2237 2228 2294 2269 ab
2328 2240 2420 2269 cum

263 2291 451 2346 integris]
495 2304 571 2333 om.
602 2291 692 2345 οἷς.
737 2315 790 2321 —
831 2292 890 2333 Π.
931 2297 965 2333 3.
1006 2297 1040 2333 1.
1071 2292 1380 2342 Andebrogium
1422 2292 1524 2347 affl]
1569 2294 1939 2335 Andocumborium
1980 2292 2069 2345 eac
2113 2304 2203 2333 cum
2245 2294 2422 2344 integris

263 2358 629 2399 Andecomborium
673 2359 709 2400 d.
745 2381 797 2388 -
836 2358 895 2399 ΙΙ.
937 2363 972 2399 3.
1013 2361 1049 2398 5.
1088 2362 1138 2399 et
1173 2358 1321 2398 isdem
1359 2357 1474 2411 ach]
1514 2359 1665 2399 eisdem
1706 2358 1795 2411 effi.
1831 2383 1880 2389 —
1914 2358 1971 2398 ΙΙ.
2015 2362 2052 2398 4.
2098 2361 2134 2397 9.
2165 2358 2303 2399 VIIII
2345 2358 2419 2414 ab]

262 2422 375 2463 VIII
404 2433 472 2474 eq.
517 2445 569 2451 -—
613 2423 671 2462 II.
713 2427 749 2463 6.
782 2427 818 2463 3.
848 2423 963 2462 nulla
1000 2427 1184 2472 potestas
1222 2426 1332 2462 esset
1368 2421 1440 2476 ab]
1485 2427 1669 2473 potestas
1707 2428 1816 2464 esset
1852 2423 1951 2464 nulli
1988 2433 2053 2475 eq.
2098 2445 2150 2450 ——
2192 2423 2251 2464 ΙΙ.
2286 2428 2349 2464 10.
2379 2428 2418 2466 4.

263 2487 467 2536 undique
496 2498 521 2529 a
549 2500 639 2528 cum
667 2487 856 2541 integris]
886 2487 1034 2537 ubique
1063 2498 1128 2540 eu.
1170 2511 1220 2517 —-
1260 2488 1317 2528 11.
1352 2491 1413 2529 15.
1446 2492 1483 2528 2.
1514 2489 1726 2529 conlatis
1761 2487 1943 2541 auus]
1972 2488 2191 2528 conlocatis
2226 2488 2334 2541 eun.
2365 2513 2418 2519 —

260 2553 319 2593 II.
363 2556 423 2594 15.
465 2557 500 2594 5.
541 2553 801 2594 dededissent
828 2564 854 2595 a
891 2553 1196 2594 dedidissent
1235 2551 1318 2607 bu]
1353 2553 1563 2594 dedissent
1605 2554 1792 2607 nonen.
1833 2579 1880 2584 --
1924 2553 1982 2594 ΙΙ.
2015 2557 2076 2594 17.
2106 2556 2144 2594 4.
2175 2552 2422 2596 differebant

261 2619 324 2659 ειΑ
371 2613 587 2657 differebat
630 2617 680 2672 B]
729 2618 1019 2658 deferebant
1065 2629 1134 2670 en.
1198 2642 1248 2646 —
1309 2618 1406 2658 ibid.
1455 2619 1561 2668 quod
1608 2619 1681 2673 ab]
1731 2631 1818 2669 quo
1864 2618 1952 2670 ene
1999 2630 2088 2657 cum
2130 2618 2316 2668 integris.
2365 2642 2407 2648 —

260 2684 319 2725 II.
344 2686 406 2724 19.
437 2687 472 2725 2.
503 2684 635 2732 quoad
654 2684 792 2724 hostes
820 2682 891 2737 ae]
921 2683 1054 2733 quoad
1072 2684 1200 2725 hostis
1220 2682 1342 2736 bufo.
1371 2707 1426 2713 —
1446 2685 1504 2725 ΙΙ.
1527 2688 1591 2726 20.
1614 2689 1650 2726 2.
1672 2684 1877 2735 Quarum
1896 2695 2052 2724 rerum
2071 2693 2096 2724 a
2116 2695 2208 2724 cum
2226 2684 2418 2739 integris]

261 2746 352 2800 Qua
381 2747 431 2789 de
459 2758 504 2788 re
533 2758 600 2801 eu.
630 2771 683 2778 —
713 2750 771 2790 H.
803 2752 867 2790 23.
901 2753 936 2790 1.
966 2748 1070 2789 acie
1098 2747 1187 2791 abf
1208 2760 1298 2790 cum
1324 2747 1514 2803 integris]
1545 2749 1647 2790 aciei
1676 2749 1778 2803 euc.
1801 2774 1848 2779 —
1871 2749 1927 2789 II.
1958 2751 2020 2788 23.
2052 2751 2088 2789 2.
2118 2748 2420 2791 resistentes

260 2823 286 2854 a
313 2824 402 2853 cum
430 2812 619 2867 integris]
657 2824 867 2864 regressos
900 2825 949 2853 ac
977 2813 1216 2854 resistentes
1251 2813 1372 2866 besu.
1406 2836 1461 2842 —
1504 2816 1562 2854 ΙΙ.
1595 2818 1658 2855 23.
1689 2818 1726 2855 4.
1771 2815 1828 2853 ab
1871 2824 1924 2852 ea
1965 2813 2237 2854 intervallo
2279 2813 2322 2869 a]
2365 2816 2417 2855 ab

456 2942 483 2973 ')
500 2941 534 2967 In
551 2942 747 2969 enumerandis
764 2943 848 2969 variis
866 2943 1035 2970 lectionibus
1053 2950 1108 2975 eas,
1132 2950 1203 2976 quae
1221 2943 1358 2974 genuinae
1375 2943 1445 2969 mihi
1464 2943 1601 2972 videntur.
1625 2944 1728 2977 ubique
1747 2942 1964 2976 expressioribus
1990 2942 2080 2967 literis
2099 2942 2298 2970 describendas
2316 2945 2420 2971 curavi.

262 2984 329 3012 Loci
348 2985 500 3013 secundum
517 2984 669 3011 editionem
686 2986 804 3013 Holderi
821 2987 950 3014 citantur.

457 3028 504 3060 ”)
522 3027 591 3055 Cum
609 3028 697 3056 codex
714 3030 869 3057 Vossianus
886 3030 907 3056 1.
925 3029 968 3061 (C)
985 3030 1015 3056 in
1033 3030 1173 3063 prioribus
1192 3030 1302 3057 duobus
1319 3030 1399 3058 libris
1416 3031 1649 3064 interpolatorum
1669 3032 1712 3060 sit.
1730 3034 1759 3056 ut
1778 3030 1846 3056 infra
1864 3029 1978 3060 docebo,
1996 3029 2039 3054 his
2058 3036 2120 3055 eum
2139 3031 2265 3063 ascripsi.
