2743 3436
1365 180 1411 216 15

310 287 460 334 posset.
504 306 557 312 —
590 283 691 324 VH.
724 288 759 324 1.
791 287 829 325 8.
859 280 1156 336 acceperint]
1185 287 1441 332 acceperant.
1485 305 1537 312 —-
1571 283 1671 324 VII.
1693 287 1728 324 2.
1761 289 1797 325 2.
1825 282 2028 339 possint]
2056 287 2235 335 possent.
2281 305 2334 312 -—
2367 282 2465 323 ibid.

310 346 562 401 qququod.
607 371 656 378 -
691 348 792 389 VH.
822 350 861 388 4.
893 351 929 388 3.
959 345 1081 401 Hac]
1109 347 1188 387 Ac.
1232 353 1296 380 ÷—:
1323 347 1427 388 VH.
1454 352 1494 388 4.
1525 352 1562 388 6.
1593 348 1831 403 adiungit]
1859 350 2099 400 adiungunt.
2129 371 2184 379 —
2223 348 2326 391 ΥΠ.
2356 352 2396 391 6.
2426 352 2464 390 3.

310 411 605 466 arcesseret]
647 416 879 454 arcerseret
910 412 1150 465 (arcessiret
1177 411 1211 455 ,0
1248 423 1329 453 sec.
1363 413 1446 465 m.).
1494 435 1562 442 ---
1589 412 1689 454 ΥΠ.
1722 417 1757 454 7.
1791 419 1824 456 1.
1853 412 2131 468 Lucterius]
2159 413 2388 458 Lucretius,
2409 412 2462 454 cf.

311 478 436 519 VIII.
477 480 541 519 39.
583 481 618 519 1.
662 499 712 506 -
744 478 845 519 VH.
885 480 922 519 9.
958 481 995 520 6.
1039 487 1155 528 quos
1194 477 1264 518 ibi
1290 477 1387 530 (quo
1415 477 1493 518 sibi
1521 475 1579 531 ω]
1608 478 1713 528 quod
1741 479 1814 520 sib·
1873 503 1922 509 --
1952 479 2054 523 ΥΠ.
2087 484 2149 522 11.
2179 483 2218 522 8.
2261 476 2461 533 Caesar]

312 543 494 584 Caesari.
539 567 590 575 -
620 543 722 584 VH.
761 548 822 584 14.
857 547 896 584 4.
940 543 1097 584 deleri
1124 543 1281 594 (delere
1310 542 1367 596 b)]
1394 543 1514 592 diligi
1541 543 1806 593 Anndeligi
1839 545 1915 587 BG.
1971 546 2118 594 Neque
2146 557 2248 594 opus
2276 549 2463 589 estcon-

310 607 470 649 iectura
497 606 777 659 Oudendorpii
821 608 989 659 „deici“‚
1031 618 1152 658 quam
1189 608 1362 649 Dubner
1402 606 1579 649 fortasse
1620 608 1926 658 praeferendam
1968 621 2058 652 esse
2099 610 2329 660 scripturae
2371 609 2460 654 cod.

312 673 650 723 interpolatorum
684 677 836 714 censet.
879 696 933 703 —
967 673 1069 716 VH.
1103 678 1164 714 17.
1196 678 1232 714 7.
1261 671 1532 726 praestare]
1558 677 1802 723 praestaret,
1831 675 1935 724 quod
1968 675 2092 715 etiam
2120 675 2207 716 cod.
2243 685 2270 719 a
2298 687 2379 720 sec.
2407 686 2460 716 m.

311 738 448 779 habet.
477 762 531 768 —
559 738 660 779 VII.
694 742 756 779 19.
788 743 825 779 6.
856 737 1153 792 consolatus]
1183 738 1424 778 consolatos.
1460 761 1514 768 —
1542 738 1642 779 VII.
1674 743 1738 778 20.
1767 745 1805 779 4.
1833 739 1951 793 illic]
1979 741 2073 780 inis,
2109 763 2160 770 —
2192 740 2294 782 VII.
2325 745 2388 781 20.
2421 745 2459 780 5.

309 803 666 855 impelleretur,
697 804 802 854 quod
831 804 955 845 etiam
982 815 1034 846 ex
1061 803 1234 854 integris
1260 802 1375 846 ΑΙΒ
1408 814 1489 845 sec.
1518 815 1569 845 m.
1599 802 1805 857 exhibent]
1833 804 2073 855 impelletur.
2110 829 2161 835 —-
2193 805 2293 847 VII.
2325 809 2389 847 20.
2421 809 2458 845 6.

308 867 688 922 intervenerint]
717 869 1026 910 intervenirent.
1046 891 1099 897 —
1118 868 1219 910 VH.
1251 871 1314 909 23.
1346 872 1383 909 2.
1411 869 1656 909 introrsus
1683 869 1916 919 interpolati
1942 874 2106 920 praeter
2134 868 2205 924 en]
2233 873 2457 911 extrorsus,

308 957 362 963 —
382 934 483 975 VH.
503 938 568 974 25.
591 938 626 975 2.
657 933 926 988 scorpione]
947 935 1172 984 sourpione.
1193 957 1247 962 ——
1266 934 1367 975 VII.
1399 939 1462 975 31.
1492 938 1531 973 4.
1562 933 1847 987 deminutae]
1867 935 2084 976 diminutae
2119 956 2172 964 —·
2192 935 2292 976 ΥΠ.
2323 939 2388 975 33.
2423 940 2457 975 1.

309 997 642 1054 descenderet]
662 999 902 1042 discederet.
925 998 1080 1041 -VIL
1102 995 1165 1041 35.
1187 1002 1224 1041 3.
1244 997 1435 1053 positis]
1455 998 1556 1041 sitis.
1585 998 1752 1041 -VIL
1776 1002 1839 1041 36.
1867 1003 1900 1042 7.
1922 999 2108 1042 deiecto
2129 1000 2319 1053 inter-pol.
2336 1000 2456 1042 simul

308 1075 398 1104 cum
426 1063 478 1117 H]
508 1065 686 1105 deiectos
715 1064 816 1106 808
846 1065 994 1105 deiecti
1021 1065 1065 1106 Α.
1095 1087 1142 1093 -
1168 1065 1269 1105 VII.
1289 1067 1354 1104 45.
1387 1070 1423 1104 7.
1452 1063 1525 1118 ne]
1555 1064 1635 1114 qui.
1665 1086 1720 1094 —-
1738 1064 1838 1104 VII.
1858 1068 1922 1105 46.
1944 1070 1979 1105 3.
2011 1067 2059 1105 in
2086 1064 2457 1121 longitudinem]

307 1130 348 1170 in
376 1130 641 1179 longitudine.
671 1154 725 1160 —
743 1131 844 1171 VH.
874 1134 939 1171 47.
971 1136 1007 1171 6.
1037 1129 1289 1181 demis'sae]
1318 1131 1518 1170 dimissae.
1549 1154 1602 1159 —
1623 1131 1723 1170 ΥΠ
1753 1136 1818 1170 47.
1850 1135 1884 1170 7.
1913 1133 1960 1171 L.
1990 1132 2185 1183 Fabius]
2213 1133 2381 1171 Labius.
2403 1154 2456 1160 —-—

307 1193 408 1236 VII.
440 1196 503 1237 50.
533 1196 572 1236 4.
601 1193 694 1235 sibi
722 1192 1002 1249 desperans]
1031 1193 1094 1235 sui
1127 1193 1359 1245 desperans,
1390 1217 1443 1224 —
1463 1193 1564 1237 VII.
1596 1196 1660 1237 51.
1690 1197 1728 1236 4.
1759 1193 1899 1245 paulo
1928 1193 2284 1250 minus]-paulum
2313 1194 2456 1238 minus,

307 1281 358 1287 —
388 1260 490 1299 VH.
526 1264 590 1299 52.
628 1265 663 1299 3.
699 1259 828 1313 quos]
859 1261 964 1309 quod
993 1260 1044 1299 cf.
1063 1260 1290 1299 -Vielhaber
1312 1260 1344 1313 ⁴l.
1374 1271 1408 1300 c.
1438 1260 1569 1300 XXI.
1603 1272 1642 1310 p.
1673 1263 1765 1300 534.
1800 1282 1852 1288 —
1881 1260 1978 1302 VH.
2009 1264 2070 1302 54.
2102 1266 2137 1303 3.
2168 1260 2457 1316 compulsos]

307 1328 351 1364 et
367 1326 605 1374 compulsos.
627 1349 677 1354 —
694 1325 795 1366 VH.
818 1330 881 1366 56.
899 1329 935 1366 2.
951 1323 1195 1377 abiuncto]
1211 1325 1412 1365 adiuncto.
1432 1349 1479 1354 --
1498 1326 1598 1366 VII.
1621 1329 1684 1366 59.
1708 1331 1744 1366 3.
1765 1325 1876 1378 tum]
1895 1338 1995 1366 oum.
2015 1349 2066 1355 —-
2081 1328 2181 1367 VII.
2199 1331 2262 1367 59.
2286 1332 2323 1367 5.
2344 1326 2458 1379 tum]

307 1400 408 1431 cum.
431 1389 590 1433 —VIL
613 1393 676 1433 62.
700 1394 737 1432 6.
767 1390 999 1442 septimae
1020 1389 1106 1443 (vel
1126 1389 1233 1443 VII)
1261 1388 1485 1445 legionis]
1514 1402 1540 1432 a
1560 1390 1734 1442 septima
1753 1390 1923 1442 legione.
1945 1415 1996 1421 —
2011 1391 2108 1434 VII.
2131 1395 2195 1434 62.
2215 1396 2253 1434 8.
2285 1396 2457 1434 contra

307 1460 471 1495 castra
516 1455 734 1510 Labieni]
774 1460 917 1496 contra
952 1456 1189 1496 Labienum.
1228 1456 1402 1497 -ΥΠ,
1443 1460 1506 1497 63.
1547 1460 1585 1497 5.
1634 1468 1684 1498 re
1725 1457 1773 1497 in
1811 1457 2182 1503 controversiam
2230 1456 2455 1512 deducta]

306 1526 350 1562 et
390 1534 474 1562 rem
515 1522 557 1562 in
600 1522 918 1564 controversiam
960 1522 1116 1563 deduci.
1161 1545 1214 1551 —
1243 1522 1343 1563 VH.
1388 1526 1451 1563 63.
1482 1527 1520 1562 8.
1560 1522 1728 1564 ferunt
1767 1523 1955 1575 interpol.
1992 1524 2106 1564 simul
2149 1535 2239 1564 cum
2282 1524 2370 1565 cod.
2399 1522 2454 1578 Ι]

309 1587 488 1629 fuerunt.
532 1611 582 1617 ——
613 1588 715 1629 VH.
757 1592 820 1629 64.
852 1593 888 1629 5.
927 1586 1294 1641 Eporedorigis]
1331 1588 1624 1638 Eporedigeris
1652 1588 1726 1630 m
1754 1588 2042 1639 Eporedigeris
2070 1588 2136 1631 BR
2169 1588 2221 1630 cf.
2249 1601 2285 1630 e.
2317 1592 2382 1630 66.
2415 1592 2452 1630 6.

306 1675 355 1680 -
387 1653 488 1693 VH.
511 1657 575 1694 66.
597 1658 633 1693 6.
663 1652 768 1706 quo]
797 1653 914 1702 quod.
945 1675 998 1681 ——
1019 1652 1120 1693 VII.
1151 1657 1215 1693 68.
1247 1658 1283 1694 3.
1314 1651 1641 1707 confidebant]
1670 1653 1909 1694 confidebat.
1939 1677 1989 1682 —-
2009 1653 2107 1694 VH.
2138 1656 2200 1694 69.
2232 1657 2268 1694 5.
2299 1665 2454 1695 mace-

305 1718 422 1757 riam
450 1717 521 1771 ae]
549 1719 763 1758 materiam
783 1718 834 1758 cf.
856 1731 891 1758 c.
915 1723 976 1758 70.
999 1723 1035 1759 5.
1066 1740 1118 1747 -
1139 1718 1240 1760 VII.
1264 1723 1327 1758 70.
1351 1723 1386 1759 3.
1416 1717 1615 1772 animus]
1645 1719 1813 1758 amimis.
1845 1742 1894 1748 —
1916 1719 2014 1760 VII.
2038 1724 2097 1759 71.
2122 1724 2155 1759 1.
2186 1718 2452 1772 dimittere]

305 1783 532 1824 demittere.
566 1806 616 1812 --
645 1783 747 1825 VII.
781 1787 844 1823 71.
874 1787 912 1824 2.
942 1781 1145 1837 possint]
1174 1787 1352 1833 possent.
1382 1804 1436 1812 -
1463 1783 1564 1824 ΥΠ.
1598 1787 1660 1824 72.
1690 1788 1728 1824 2.
1758 1782 1979 1837 spatium]
2009 1783 2149 1833 spatio.
2180 1806 2232 1812 —
2252 1783 2354 1824 VII.
2387 1788 2452 1825 72.

304 1852 342 1886 4.
372 1847 583 1901 aggeris]
612 1859 802 1898 aggeres.
832 1870 886 1876 —
915 1848 1016 1888 VII.
1049 1852 1112 1887 73.
1145 1852 1185 1888 1.
1210 1848 1370 1887 eodem
1398 1847 1629 1901 tempore]
1658 1859 1705 1888 eo
1734 1852 1926 1897 tempore.
1957 1870 2006 1876 —-
2027 1848 2125 1888 VII.
2157 1852 2218 1888 73.
2247 1852 2286 1887 4.
2317 1848 2451 1896 quini

304 1916 445 1953 erant
486 1912 573 1964 (qui
608 1913 790 1954 inierant
828 1911 900 1965 af)
942 1911 1121 1966 ordines]
1156 1913 1267 1962 quini
1295 1912 1469 1954 ordines.
1512 1937 1563 1944 —-
1595 1913 1696 1954 VH.
1743 1917 1805 1955 73.
1851 1918 1887 1954 5.
1931 1913 2016 1954 cod.
2044 1913 2226 1962 inoerpol.
2257 1913 2450 1962 neglecta

305 1977 584 2019 coniunctione
617 1978 796 2020 relativa
833 1981 946 2019 ante
982 1979 1056 2019 hos
1084 1978 1292 2029 obliquis
1319 1977 1585 2034 ordinibus]
1615 1990 1714 2030 quos
1747 1979 1941 2030 obliquos,
1983 2001 2033 2007 ——-
2063 1977 2160 2019 VII.
2193 1982 2254 2019 73.
2288 1983 2322 2019 7.
2354 1979 2450 2020 vir·

305 2045 458 2094 gultis
499 2044 833 2098 integebatur]
876 2046 1050 2086 vinculis
1083 2045 1381 2095 impediebatur
1412 2045 1480 2087 BR
1513 2046 1687 2086 vinculis
1720 2046 1938 2095 tegebatur
1978 2045 2063 2086 ΑΜ.
2106 2068 2155 2073 -
2186 2044 2285 2084 ΥΠ.
2318 2048 2380 2084 73.
2412 2049 2451 2085 8.

305 2109 450 2164 ducti]
478 2110 618 2153 iuncti.
665 2135 715 2140 —
746 2110 847 2153 VH.
880 2115 942 2152 73.
974 2114 1011 2152 9.
1048 2109 1234 2164 infixis]
1263 2110 1422 2152 infixae.
1467 2134 1505 2140 -
1548 2110 1649 2151 VII.
1682 2114 1744 2152 74.
1779 2115 1812 2152 1.
1847 2122 1986 2161 pares
2018 2110 2082 2151 vel
2110 2107 2235 2162 paris]
2264 2109 2367 2159 pari.
2396 2132 2451 2139 —

303 2176 403 2216 VII.
436 2181 498 2217 75.
533 2181 567 2217 1.
607 2176 939 2216 frumentandi
976 2176 1212 2216 rationem
1249 2177 1317 2216 vel
1346 2176 1538 2215 frumenti
1565 2176 1776 2223 rationem,
1815 2176 1921 2225 quod
1948 2187 1999 2215 ex
2026 2175 2109 2214 cod.
2130 2173 2184 2215 df
2221 2178 2451 2223 promptum

304 2241 499 2281 Dubnero
528 2241 696 2282 videtur
725 2241 855 2292 magis
883 2244 1024 2291 aptum
1052 2252 1154 2289 esse,
1193 2252 1431 2291 quamquam
1469 2252 1549 2282 non
1577 2239 1749 2295 recepit]
1778 2240 2139 2282 frumentationem.
2170 2262 2218 2268 -
2252 2237 2351 2280 VII.
2385 2243 2449 2280 76.

308 2311 342 2347 1.
373 2310 517 2355 atque
545 2307 639 2356 ipsi
668 2305 899 2359 Morinos]
937 2317 1041 2356 quae
1076 2306 1165 2356 ipse
1194 2306 1370 2347 Morinis
1400 2306 1481 2348 «ΑΗ
1510 2317 1614 2355 quae
1641 2306 1719 2356 ipsi
1748 2306 1932 2347 Morinos
1962 2304 2072 2347 Bcn.
2118 2327 2166 2333 -
2197 2303 2297 2345 VH.
2330 2308 2381 2344 76
2413 2309 2449 2353 3.

305 2370 607 2426 consobrino]
645 2371 901 2413 consubrino.
945 2393 998 2401 —-
1028 2371 1128 2413 VH.
1162 2376 1223 2412 77.
1258 2375 1291 2412 1.
1332 2371 1539 2412 concilio
1577 2375 1745 2412 coacto
1783 2371 1839 2412 de
1868 2368 2013 2424 exitu]
2047 2368 2203 2410 concilii
2236 2369 2370 2411 coacti
2398 2369 2450 2411 de

305 2438 417 2478 exitu
446 2438 476 2480 R
505 2438 665 2478 concilii
693 2441 836 2478 coacto
866 2437 931 2480 Bc
969 2438 1135 2477 oonsilio
1173 2437 1285 2477 exitu
1313 2437 1347 2478 Α
1373 2437 1539 2477 consilio
1568 2449 1645 2486 quo
1674 2443 1766 2477 aeto
1796 2437 1846 2477 de
1874 2437 1985 2477 exitu
2013 2436 2059 2477 U.
2103 2457 2154 2463 -
2183 2434 2283 2475 ΥΠ.
2316 2439 2379 2475 77.
2412 2439 2451 2480 5.

303 2501 525 2555 mollitia]
558 2502 757 2548 molestia.
791 2524 845 2532 -—
877 2502 973 2542 ibid.
1008 2501 1402 2554 rep(p)eriuntur,
1437 2502 1543 2551 quod
1575 2502 1700 2542 etiam
1732 2502 1765 2543 Α
1797 2501 1839 2541 iu
1871 2512 2013 2541 rasura
2045 2499 2205 2539 videtur
2241 2498 2449 2554 babuisse]

258 2568 263 2572 '
304 2568 592 2617 repperiantur
610 2568 678 2608 vel
696 2568 966 2617 reperiantur.
997 2590 1046 2596 -
1074 2567 1176 2609 ΥΠ.
1200 2571 1262 2607 77.
1283 2571 1321 2607 8.
1351 2562 1443 2607 cod.
1466 2567 1654 2618 interpol.
1685 2578 1775 2606 cum
1803 2567 1888 2606 cod.
1918 2565 1946 2607 c
1974 2562 2179 2617 LXXX]
2207 2564 2450 2612 LXXXX,

307 2632 380 2673 sed
408 2633 450 2673 in
478 2633 565 2674 cod.
595 2633 626 2674 Β
653 2637 842 2682 quartum
869 2634 916 2673 X
944 2644 1117 2680 erasum,
1145 2632 1188 2672 in
1215 2632 1303 2672 cod.
1334 2632 1364 2674 Β
1389 2636 1637 2681 expunctum
1670 2637 1745 2672 est.
1775 2654 1828 2661 —
1859 2631 1955 2672 VII.
1996 2634 2057 2669 77.
2099 2633 2160 2669 10.
2198 2629 2452 2683 Romanos]

304 2687 577 2740 Romanorum
605 2699 772 2740 animos,
816 2722 870 2727 —
898 2698 999 2740 VH.
1042 2702 1104 2739 78.
1147 2702 1181 2738 1.
1220 2695 1553 2751 experiantur]
1592 2697 1871 2747 expediantur.
1914 2719 1966 2725 —
1994 2695 2092 2735 VH.
2125 2698 2187 2735 78.
2218 2697 2254 2735 2.
2289 2698 2452 2736 tamen

304 2774 360 2811 po
369 2762 481 2817 tius]
524 2767 661 2804 tamen
689 2767 871 2814 tempore
912 2764 1064 2814 potius,
1102 2762 1207 2813 quod
1236 2774 1287 2803 ex
1324 2762 1557 2813 compendio
1587 2754 1774 2813 ‚‚taffipw‘
1803 2765 1933 2802 ortum
1965 2771 2052 2800 esse
2086 2759 2281 2799 Diibnero
2319 2760 2452 2801 visum

305 2834 379 2868 est.
425 2842 478 2858 —-·-
506 2830 606 2871 ΥΠ.
654 2833 716 2871 79.
761 2834 797 2870 2.
823 2830 979 2870 .milia
1024 2841 1248 2879 passuum
1290 2829 1373 2876 ΠΙ,
1416 2829 1522 2878 quod
1562 2833 1719 2869 mutato
1762 2828 1917 2877 quidem
1962 2826 2101 2866 ordine
2142 2826 2362 2866 verborum
2408 2826 2451 2866 in

305 2893 486 2934 omuibus
513 2895 772 2945 interpolatis
800 2893 967 2948 legitur]
996 2898 1170 2945 quatuor
1197 2893 1308 2935 milia
1335 2904 1538 2944 passuum.
1583 2918 1633 2923 ——
1667 2895 1764 2934 VII.
1807 2896 1869 2933 80.
1914 2895 1949 2932 5.
1987 2895 2119 2931 recte
2160 2901 2215 2930 ac
2243 2890 2351 2942 (eod.
2393 2901 2449 2944 eu

305 2964 440 3007 ‚‚aut“‚
488 2961 595 3010 quod
626 2960 806 3001 Whittio
835 2964 879 3001 et
924 2960 1122 3011 Frigellio
1167 2959 1299 3010 magis
1326 2959 1498 3013 placuit)
1545 2959 1759 3010 turpiter
1803 2958 1980 2998 factum
2031 2955 2185 2997 celari
2236 2956 2449 3012 poterat]

305 3030 417 3067 recte
444 3025 565 3076 (recti
595 3026 717 3079 BGR)
743 3038 793 3067 ac
821 3026 999 3076 turpiter
1021 3026 1163 3073 celari.
1206 3049 1260 3055 —
1291 3027 1389 3066 VH.
1423 3030 1487 3066 82.
1530 3029 1564 3066 1.
1604 3027 1661 3065 ab
1700 3020 1972 3075 munitione]
2011 3022 2064 3061 ad
2092 3022 2364 3063 munitionem.
2395 3045 2449 3052 -—
