2743 3436
1364 177 1387 216 5

294 295 534 336 quamquam
562 283 781 325 lectionum
809 283 896 325 cod.
925 283 1176 335 integrorum
1204 283 1486 326 tenacissimus
1520 287 1595 331 est,
1634 287 1771 325 tamen
1807 285 1910 326 haec
1946 285 2063 326 dicit:
2108 285 2279 336 „Durch
2312 284 2451 326 solche

292 349 632 400 Erscheiuungen
659 350 760 390 aber
790 349 845 390 im
873 349 1252 400 Zus'ammenhange
1288 349 1364 390 mit
1399 349 1474 390 der
1510 348 1849 399 cigentumlichen
1877 350 2211 392 Beschaffenheit
2246 350 2323 392 der
2349 349 2452 392 Sub-

295 414 554 466 scriptionen,
585 415 650 455 die
678 414 762 455 sich
793 424 868 455 aus
896 414 987 455 dem
1005 414 1302 466 Frigell'schen
1320 414 1515 466 Apparat
1543 413 1714 464 ergiebt,
1743 414 1848 456 winl
1875 415 1941 456 die
1960 415 2201 463 Sicherheit,
2231 416 2328 457 dass
2357 426 2451 456 man

293 480 370 520 mit
402 479 493 520 dem
521 480 654 520 T-exte
687 479 762 520 der
788 481 1068 530 sogenannten
1095 479 1257 532 Integri
1290 479 1382 521 dem
1399 478 1564 532 fecboen
1591 476 1929 521 Oasarianischen
1957 490 2022 521 am
2049 479 2248 522 nachsten
2275 480 2448 528 komme,
2492 504 2497 507 -

293 545 542 586 mindestens
568 545 682 585 nicht
700 546 884 585 erhbhtf‘
942 545 1097 586 Verum
1124 546 1231 585 hanc
1250 545 1539 595 quaestionem,
1568 555 1689 593 quam
1707 545 1907 585 sustinere
1934 555 2014 586 non
2032 557 2256 596 possumus,
2281 546 2448 586 missam

293 609 441 652 faciam
477 613 521 652 et
556 610 611 652 ad
647 609 858 659 rationem,
899 621 1003 661 quae
1038 610 1149 652 inter
1185 610 1345 652 codices
1380 608 1651 660 interpolatos
1688 613 1731 650 et
1771 610 1951 662 integros
1987 611 2231 660 intercedat,
2268 611 2450 663 disputa-

293 676 444 718 tionem
489 676 678 718 referam.
762 675 866 717 Cum
921 676 1082 717 codices
1128 677 1252 717 alteri
1307 677 1360 717 ab
1416 675 1562 716 alteris
1606 675 1700 725 plus
1745 676 1974 727 quingentis
2012 677 2129 719 >locis
2183 677 2313 728 iisqne
2368 688 2449 719 non

292 743 452 784 levibus
489 742 743 790 dissentiant,
782 742 956 782 alterum
997 742 1207 782 librarium
1249 742 1318 791 qui
1359 742 1628 791 archetypum
1671 742 1939 791 transcripsit,
1982 743 2115 783 minus
2147 743 2367 793 diligenter
2398 754 2447 783 ac

292 807 482 859 religiose
527 819 692 849 munere
738 818 810 863 suo
857 806 1041 849 functum
1082 818 1172 848 esse
1209 809 1394 857 apparet,
1433 809 1478 848 et
1514 806 1551 847 si
1587 805 1676 856 quis
1713 810 1871 848 tantum
1906 807 2038 849 ob'iter
2075 808 2214 849 varias
2251 808 2448 849 lectiones

293 873 474 913 codicum
502 872 813 923 comparaverit,
843 871 964 912 facile
996 871 1214 923 intelleget
1245 871 1457 912 librarium
1491 871 1579 924 ejus
1608 871 1860 922 exemplaris,
1889 872 1994 914 unde
2021 872 2183 914 codices
2211 872 2448 925 interpolati

293 939 451 978 oriundi
498 943 604 985 sunt,
648 950 844 986 persaepe
891 942 1035 986 suopte
1080 939 1243 986 ingenio
1289 938 1506 977 indulsisse
1553 941 1598 976 et
1643 938 1825 986 plurimis
1870 939 1967 977 locis
2012 939 2169 977 tradita
2214 940 2344 978 verba
2389 939 2450 978 ita

292 1006 484 1052 mutasse,
527 1006 575 1044 ut
614 1002 657 1043 in
703 1001 866 1052 negotio
909 1007 987 1043 suo'
1018 1002 1180 1043 ratione
1223 1015 1271 1043 ac
1309 1003 1476 1044 consilio
1516 1002 1690 1052 quodam
1728 1015 1823 1043 usus
1859 1016 1947 1043 esse
1988 1005 2189 1050 videatur,
2233 1005 2348 1044 cuius
2390 1006 2450 1045 rei

292 1069 478 1120 exempla
513 1068 556 1109 in
593 1068 727 1109 altera
764 1066 1062 1116 dissertatione,
1100 1067 1170 1109 ubi
1207 1067 1258 1109 de
1295 1067 1502 1110 erroribus
1538 1078 1589 1109 ac
1636 1066 1748 1110 vitiis
1786 1067 1870 1110 cod.
1908 1067 2245 1121 interpolatorum
2283 1069 2449 1112 uberius

291 1139 416 1184 atque
467 1134 700 1174 accuratius
752 1134 987 1182 disputabo,
1034 1135 1239 1183 permulta
1279 1134 1462 1182 afferam3
1516 1135 1582 1174 hic
1628 1134 1845 1174 nonnullas
1889 1135 2220 1184 interpolationes
2267 1135 2449 1185 insignes

292 1203 414 1250 atque
452 1201 618 1249 apertas
655 1209 894 1239 enumerare
931 1198 1032 1239 satis
1068 1198 1160 1246 erit,
1199 1198 1315 1240 velut
1351 1199 1386 1240 Ι.
1424 1203 1491 1241 40.
1534 1203 1596 1240 10.
1635 1197 1851 1253 auderent]
1888 1200 2183 1241 viderentur.
2224 1224 2276 1230 —
2314 1202 2351 1241 Ι.
2381 1205 2447 1242 44.

292 1269 331 1307 4.
375 1264 417 1305 si
458 1262 600 1315 pacem
646 1262 831 1318 mallent]
874 1263 915 1305 si
961 1274 1080 1315 pace
1127 1263 1199 1305 uti
1245 1263 1412 1306 velint.
1461 1287 1512 1295 —
1561 1265 1596 1306 Ι.
1639 1267 1707 1307 46.
1756 1267 1794 1306 3.
1838 1264 2083 1307 commissum
2128 1276 2220 1308 cum
2262 1265 2451 1317 equitatu

294 1329 509 1385 proelium]
539 1343 642 1372 cum
671 1330 895 1381 equitatu
923 1330 1169 1381 proelium.
1200 1355 1251 1361 -
1280 1332 1315 1372 Ι.
1348 1335 1411 1372 53.
1441 1335 1477 1372 7.
1507 1329 1775 1385 cremaretur]
1803 1338 2070 1373 necaretur.
2127 1333 2187 1373 Π.
2219 1338 2255 1374 2.
2287 1336 2325 1373 5.
2356 1333 2451 1374 duo-

297 1398 451 1438 decimo
481 1397 546 1437 die
573 1394 916 1451 proficisceretur]
949 1396 1365 1447 proficisceretur.
1422 1398 1483 1437 ΙΙ.
1528 1401 1564 1438 2.
1603 1401 1639 1437 6.
1673 1395 1854 1451 provisa]
1897 1401 2182 1447 comparata.
2241 1398 2302 1439 H.
2337 1403 2376 1440 8.
2413 1402 2450 1439 2.

293 1462 648 1503 sollicitationibus
681 1460 934 1516 exquirebat]
976 1462 1374 1512 periclitabatur.
1431 1463 1490 1502 II.
1530 1465 1592 1503 19.
1632 1466 1669 1503 5.
1704 1473 1807 1512 quae
1835 1462 1945 1516 ante]
1974 1473 2055 1503 sex
2096 1474 2215 1513 quae
2257 1463 2450 1513 primae.

294 1530 354 1569 II.
386 1532 452 1569 20.
489 1532 526 1569 2.
560 1526 762 1581 incursus]
796 1539 1062 1569 successus
1120 1529 1181 1568 H.
1216 1531 1279 1569 23.
1317 1531 1353 1568 2.
1388 1528 1431 1568 in
1458 1527 1599 1577 fugam
1628 1526 1843 1581 dederunt]
1876 1528 1924 1567 in
1955 1528 2112 1578 fugam
2153 1529 2449 1569 coiecerunt.

292 1593 352 1635 ΙΙ.
383 1597 447 1634 31.
485 1598 520 1635 2.
558 1604 797 1644 promovere
830 1596 874 1633 et
906 1604 957 1634 ex
990 1592 1293 1644 propinquitate
1328 1591 1529 1647 pugnare]
1568 1605 1864 1644 promovere.
1921 1594 1978 1634 ΙΙ.
2015 1597 2076 1635 32.
2110 1597 2149 1635 4.
2183 1593 2450 1649 compertum]

292 1662 613 1711 perspectum.
694 1660 754 1700 II.
805 1664 868 1700 33.
917 1663 954 1700 2.
1002 1670 1082 1700 non
1128 1657 1382 1714 inducturos]
1430 1659 1736 1700 deducturos,
1826 1660 1886 1700 ΙΙ.
1935 1663 1997 1702 35.
2044 1663 2079 1700 2.
2131 1658 2247 1701 initio
2295 1660 2451 1711 primae

294 1724 481 1778 aestatis]
523 1726 648 1766 inita
690 1725 908 1774 proxima
949 1728 1154 1765 aestate.
1225 1726 1310 1765 111.
1357 1730 1418 1766 10.
1463 1729 1500 1766 3.
1543 1725 1748 1765 libertatis
1781 1726 1960 1765 studiose
1994 1723 2183 1778 incitari]
2221 1725 2453 1766 libertati

293 1790 471 1831 studere.
528 1791 612 1832 III.
645 1795 707 1832 13.
741 1796 776 1832 7.
805 1791 927 1841 pulsu
955 1802 1155 1831 remorum
1182 1788 1436 1843 incitatione]
1465 1791 1607 1840 pulsu
1635 1803 1877 1831 remorum.
1933 1792 2014 1831 ΙΙΙ.
2046 1794 2106 1831 15.
2134 1794 2172 1831 4.
2202 1790 2283 1831 fuit
2309 1803 2453 1841 oppor-

294 1853 477 1909 tunitati]
519 1855 614 1895 fuit
655 1858 936 1906 opportuna.
993 1856 1077 1896 ΙΙΙ.
1108 1859 1172 1895 22.
1201 1859 1241 1896 4.
1274 1859 1446 1896 mortem
1478 1854 1705 1910 recusaret]
1748 1855 1865 1895 mori
1906 1858 2162 1895 recusaret.
2224 1854 2301 1896 IV.
2337 1859 2376 1896 4.
2415 1860 2451 1897 7.

296 1922 365 1970 qui
401 1922 444 1961 in
482 1922 566 1961 suis
603 1922 766 1961 sedibus
804 1920 911 1974 erat]
956 1925 1074 1962 erat.
1118 1944 1170 1951 —-
1213 1922 1290 1962 IV.
1328 1926 1364 1962 5.
1401 1926 1437 1961 3.
1475 1921 1539 1961 his
1575 1920 1820 1975 rumoribus]
1858 1922 1931 1961 his
1967 1921 2117 1960 rebus.
2186 1921 2263 1961 IV.
2307 1925 2370 1961 12.
2414 1926 2450 1961 1.

295 1990 416 2027 erant
443 1990 560 2028 trans
589 1987 751 2029 Mosam
787 1984 979 2041 profecti]
1017 1986 1182 2028 ierant
1217 1990 1358 2027 trans
1387 1985 1580 2028 Mosam.
1637 1986 1715 2029 IV.
1748 1989 1810 2028 16.
1842 1989 1877 2028 7.
1907 1985 2105 2027 exercitus
2133 1983 2305 2040 romani]
2343 1985 2451 2038 ejus

295 2053 555 2093 exercitus
612 2053 690 2094 IV.
714 2057 777 2093 17.
800 2056 864 2093 10.
884 2063 1012 2093 naves
1031 2052 1229 2093 deiciendi
1248 2052 1382 2104 operis
1402 2051 1540 2107 causa]
1561 2064 1711 2094 naves
1731 2052 1972 2093 deiciendi
1999 2050 2167 2102 operis.
2224 2050 2301 2093 IV.
2325 2055 2390 2093 22.
2413 2056 2449 2094 3.

296 2118 499 2172 quicquid]
529 2120 665 2169 quod.
722 2119 799 2161 IV.
840 2124 903 2160 23.
942 2124 977 2160 3.
1014 2118 1133 2172 adeo]
1161 2123 1307 2168 atque
1335 2119 1418 2160 ita.
1476 2120 1552 2160 IV.
1583 2123 1648 2159 27.
1681 2125 1717 2160 7.
1747 2116 2088 2170 commendarunt]
2122 2118 2453 2159 commendare

297 2187 570 2234 coeperunt.
615 2183 692 2226 IV.
715 2187 778 2226 29.
799 2186 838 2224 4.
858 2184 912 2225 ad
931 2183 1172 2225 reficiendas
1191 2182 1278 2238 eas]
1299 2184 1358 2225 ad
1376 2183 1682 2225 reficiendas
1701 2196 1862 2225 naves.
1910 2183 1986 2224 IV.
2007 2186 2069 2223 30.
2089 2187 2122 2223 1.
2142 2186 2236 2231 post
2254 2183 2454 2232 proelium

295 2248 449 2291 factum
468 2250 521 2291 ad
540 2261 600 2298 ea,
621 2261 724 2301 quae
743 2250 921 2291 iusserat
940 2249 1107 2299 Caesar,
1128 2248 1333 2305 facienda]
1358 2253 1469 2301 post
1495 2249 1735 2301 proelium
1764 2250 1824 2292 ad
1842 2248 2106 2290 Caesarem.
2148 2246 2201 2289 V.
2225 2251 2260 2289 1.
2285 2250 2321 2289 1.
2341 2247 2456 2290 insti-

296 2314 451 2370 tuerat]
472 2319 744 2357 consuerat.
793 2316 845 2357 V.
870 2320 904 2356 1.
927 2320 963 2356 2.
984 2316 1046 2356 uti
1065 2314 1357 2370 adsueverant]
1387 2316 1577 2357 utimur.
1626 2315 1678 2357 V.
1701 2320 1738 2357 3.
1761 2320 1796 2357 3.
1817 2315 1975 2356 futuros
1993 2311 2218 2368 confirmat]
2247 2313 2454 2355 futuros,

296 2380 348 2422 V.
380 2385 416 2422 3.
449 2385 488 2422 5.
517 2380 782 2435 auctoritate]
812 2381 1174 2422 familiaritate.
1231 2382 1284 2423 V.
1305 2385 1343 2422 8.
1368 2386 1403 2421 1.
1423 2380 1584 2435 fierent]
1614 2385 1917 2431 gererentur.
1974 2380 2027 2420 V.
2051 2382 2110 2419 10.
2133 2384 2170 2418 2.
2189 2379 2233 2418 in
2260 2378 2376 2432 litus]
2405 2380 2455 2420 in

297 2445 458 2489 litore.
515 2446 568 2489 V.
602 2451 664 2490 11.
696 2451 732 2489 7.
762 2459 866 2498 quae
894 2449 991 2489 ante
1019 2446 1223 2498 praesidio
1251 2446 1426 2488 navibus
1445 2445 1625 2500 fuerant]
1655 2459 1774 2497 quas
1803 2450 1933 2494 ante,
1962 2444 2203 2495 praesidio
2232 2445 2454 2486 navibus.

298 2511 351 2551 V.
370 2515 433 2552 13.
455 2515 492 2552 2.
509 2512 710 2552 Hibernia
727 2510 875 2567 insula]
896 2511 1147 2554 Hibernia.
1192 2511 1244 2554 V.
1265 2515 1327 2553 14.
1344 2515 1381 2553 2.
1397 2510 1691 2567 horribiliores]
1711 2510 2021 2553 horridiores,
2064 2508 2116 2551 V.
2132 2511 2197 2550 14.
2220 2512 2257 2550 5.
2273 2508 2456 2561 virgines

282 2588 482 2625 quaeque
511 2578 660 2617 ductae
693 2576 804 2630 sunt]
842 2578 982 2627 virgo
1021 2589 1234 2627 quaeque
1277 2578 1489 2617 deducta
1526 2582 1613 2618 est.
1670 2578 1724 2619 V.
1766 2582 1829 2618 16.
1867 2582 1900 2617 1.
1929 2573 2177 2627 armaturae]
2205 2586 2456 2616 armorum.

298 2639 351 2684 V.
375 2644 438 2682 17.
458 2643 505 2683 4.
527 2653 578 2683 ex
606 2640 737 2697 equis]
766 2654 823 2684 ex
851 2643 1047 2685 essedis,
1091 2642 1143 2685 V.
1176 2645 1239 2684 19.
1271 2645 1307 2684 2.
1338 2641 1581 2697 effunderet]
1610 2643 1838 2684 eiecerat.
1881 2641 1932 2683 V.
1954 2644 2016 2681 22.
2045 2643 2083 2682 4.
2113 2638 2285 2680 hiemem
2312 2639 2456 2696 agere]

300 2706 524 2748 hiemare.
582 2707 635 2751 V.
675 2712 739 2751 22.
781 2712 816 2751 5.
856 2708 1008 2751 bellum
1044 2706 1186 2763 faciat]
1224 2712 1409 2751 noceat.
1452 2733 1503 2739 —
1533 2708 1586 2751 V.
1627 2711 1691 2751 26.
1732 2712 1768 2751 2.
1807 2707 1860 2750 ad
1896 2709 2033 2749 castra
2068 2704 2359 2761 oppugnanda]
2397 2707 2459 2749 ad

300 2776 468 2813 castra
505 2778 845 2825 oppugnatum.
903 2775 956 2817 V.
998 2779 1061 2817 32.
1101 2780 1137 2817 2.
1176 2772 1423 2829 nostrorum]
1461 2774 1658 2816 nostris.
1727 2774 1780 2817 V.
1821 2778 1883 2815 33.
1921 2776 1957 2813 2.
1995 2771 2197 2821 cogitasse
2230 2771 2459 2827 videretur]

301 2837 585 2888 cogitasset.
615 2839 687 2881 ‘V.
719 2844 782 2881 33.
813 2844 850 2881 3.
881 2839 1000 2893 scire]
1029 2840 1303 2890 providere.
1352 2840 1404 2882 V.
1437 2843 1500 2882 35.
1529 2844 1569 2881 4.
1598 2853 1624 2880 a
1653 2840 1845 2880 confertis
1872 2835 2010 2889 vitari]
2039 2836 2255 2877 conferti
2282 2838 2458 2879 vitare.

301 2900 354 2946 V.
401 2905 464 2946 35.
500 2905 538 2945 5.
581 2906 666 2947 tam
700 2903 854 2962 multis]
897 2909 982 2949 tot.
1040 2904 1093 2950 V.
1125 2909 1189 2950 35.
1226 2909 1263 2949 5.
1300 2903 1570 2960 pugnassent]
1612 2907 1922 2958 pugnaretur.
1978 2900 2030 2945 V.
2067 2905 2130 2945 36.
2175 2905 2212 2945 3.
2257 2903 2459 2959 constitit]

301 2973 603 3019 perseverat.
660 2971 713 3011 V.
750 2975 831 3022 43„
854 2976 889 3012 3.
933 2971 1107 3012 insecuti
1149 2970 1281 3026 quasi]
1325 2971 1485 3012 sicuti.
1543 2971 1595 3013 V.
1639 2974 1704 3012 44.
1750 2974 1786 3012 6.
1828 2970 2047 3020 protegunt
2079 2968 2230 3010 hostes,
2269 2968 2314 3009 in
2346 2969 2461 3011 illum

305 3034 488 3077 universi
515 3034 616 3089 tela]
645 3041 926 3087 protegunt.
955 3039 1004 3078 in
1036 3038 1221 3078 hostem
1255 3039 1357 3078 tela
1389 3038 1618 3078 universi.
1675 3037 1726 3077 V.
1756 3040 1821 3076 47.
1854 3040 1888 3075 1.
1917 3032 2193 3087 progreditur]
2223 3036 2459 3083 procedit.

2241 3109 2263 3146 2
